@inproceedings{Pan:2010:ALS:1916733.1917785,
 author = {Pan, Xiuqin and Cao, Yongcun and Lu, Yong},
 title = {Active Learning and Semi-Supervised Learning in Tibetan Language Speech Recognition},
 booktitle = {Proceedings of the 2010 International Conference on Artificial Intelligence and Computational Intelligence - Volume 01},
 series = {AICI '10},
 year = {2010},
 isbn = {978-0-7695-4225-6},
 pages = {369--372},
 numpages = {4},
 url = {http://dx.doi.org/10.1109/AICI.2010.84},
 doi = {10.1109/AICI.2010.84},
 acmid = {1917785},
 publisher = {IEEE Computer Society},
 address = {Washington, DC, USA},
 keywords = {active learning, semi-supervised learning, Tibetan language speech recognition},
}

@inproceedings{Lu:2009:ALA:1674659.1677079,
 author = {Lu, Zhenyu and Wu, Xindong and Bongard, Josh},
 title = {Active Learning with Adaptive Heterogeneous Ensembles},
 booktitle = {Proceedings of the 2009 Ninth IEEE International Conference on Data Mining},
 series = {ICDM '09},
 year = {2009},
 isbn = {978-0-7695-3895-2},
 pages = {327--336},
 numpages = {10},
 url = {http://dx.doi.org/10.1109/ICDM.2009.63},
 doi = {10.1109/ICDM.2009.63},
 acmid = {1677079},
 publisher = {IEEE Computer Society},
 address = {Washington, DC, USA},
 keywords = {Active Learning, Ensemble Learning, Adaptive Heterogeneous Ensembles},
}

@inproceedings{Okabe:2008:ISF:1487207.1487300,
 author = {Okabe, Masayuki and Yamada, Seiji},
 title = {Interactive Spam Filtering with Active Learning and Feature Selection},
 booktitle = {Proceedings of the 2008 IEEE/WIC/ACM International Conference on Web Intelligence and Intelligent Agent Technology - Volume 03},
 series = {WI-IAT '08},
 year = {2008},
 isbn = {978-0-7695-3496-1},
 pages = {165--168},
 numpages = {4},
 url = {http://dx.doi.org/10.1109/WIIAT.2008.336},
 doi = {10.1109/WIIAT.2008.336},
 acmid = {1487300},
 publisher = {IEEE Computer Society},
 address = {Washington, DC, USA},
 keywords = {spam filtering, active learning},
}

@inproceedings{Chakraborty:2011:OBS:2072298.2072028,
 author = {Chakraborty, Shayok and Balasubramanian, Vineeth and Panchanathan, Sethuraman},
 title = {Optimal Batch Selection for Active Learning in Multi-label Classification},
 booktitle = {Proceedings of the 19th ACM International Conference on Multimedia},
 series = {MM '11},
 year = {2011},
 isbn = {978-1-4503-0616-4},
 location = {Scottsdale, Arizona, USA},
 pages = {1413--1416},
 numpages = {4},
 url = {http://doi.acm.org/10.1145/2072298.2072028},
 doi = {10.1145/2072298.2072028},
 acmid = {2072028},
 publisher = {ACM},
 address = {New York, NY, USA},
 keywords = {batch mode active learning, multi-label classification, optimization},
}

@inproceedings{Wang:2009:MRB:1529282.1529675,
 author = {Wang, Tian-Jiang and Chen, Gang and Herrera, Perfecto},
 title = {Music Retrieval Based on a Multi-samples Selection Strategy for Support Vector Machine Active Learning},
 booktitle = {Proceedings of the 2009 ACM Symposium on Applied Computing},
 series = {SAC '09},
 year = {2009},
 isbn = {978-1-60558-166-8},
 location = {Honolulu, Hawaii},
 pages = {1750--1751},
 numpages = {2},
 url = {http://doi.acm.org/10.1145/1529282.1529675},
 doi = {10.1145/1529282.1529675},
 acmid = {1529675},
 publisher = {ACM},
 address = {New York, NY, USA},
 keywords = {active learning, music retrieval, relevance feedback, selection strategy, support vector machine},
}

@inproceedings{Velipasaoglu:2007:IAL:1277741.1277962,
 author = {Velipasaoglu, Emre and Sch\"{u}tze, Hinrich and Pedersen, Jan O.},
 title = {Improving Active Learning Recall via Disjunctive Boolean Constraints},
 booktitle = {Proceedings of the 30th Annual International ACM SIGIR Conference on Research and Development in Information Retrieval},
 series = {SIGIR '07},
 year = {2007},
 isbn = {978-1-59593-597-7},
 location = {Amsterdam, The Netherlands},
 pages = {893--894},
 numpages = {2},
 url = {http://doi.acm.org/10.1145/1277741.1277962},
 doi = {10.1145/1277741.1277962},
 acmid = {1277962},
 publisher = {ACM},
 address = {New York, NY, USA},
 keywords = {active learning, missed cluster effect, practical text classification},
}

@inproceedings{Tomanek:2009:RCI:1597735.1597754,
 author = {Tomanek, Katrin and Hahn, Udo},
 title = {Reducing Class Imbalance During Active Learning for Named Entity Annotation},
 booktitle = {Proceedings of the Fifth International Conference on Knowledge Capture},
 series = {K-CAP '09},
 year = {2009},
 isbn = {978-1-60558-658-8},
 location = {Redondo Beach, California, USA},
 pages = {105--112},
 numpages = {8},
 url = {http://doi.acm.org/10.1145/1597735.1597754},
 doi = {10.1145/1597735.1597754},
 acmid = {1597754},
 publisher = {ACM},
 address = {New York, NY, USA},
 keywords = {active learning, class imbalance, named entity recognition},
}

@inproceedings{Almgren:2004:UAL:1009380.1009668,
 author = {Almgren, Magnus and Jonsson, Erland},
 title = {Using Active Learning in Intrusion Detection},
 booktitle = {Proceedings of the 17th IEEE Workshop on Computer Security Foundations},
 series = {CSFW '04},
 year = {2004},
 isbn = {0-7695-2169-X},
 pages = {88--},
 url = {http://dx.doi.org/10.1109/CSFW.2004.25},
 doi = {10.1109/CSFW.2004.25},
 acmid = {1009668},
 publisher = {IEEE Computer Society},
 address = {Washington, DC, USA},
 keywords = {intrusion detection, active learning},
}

@inproceedings{Saponaro:2011:GMR:1957656.1957752,
 author = {Saponaro, Giovanni and Bernardino, Alexandre},
 title = {Generation of Meaningful Robot Expressions with Active Learning},
 booktitle = {Proceedings of the 6th International Conference on Human-robot Interaction},
 series = {HRI '11},
 year = {2011},
 isbn = {978-1-4503-0561-7},
 location = {Lausanne, Switzerland},
 pages = {243--244},
 numpages = {2},
 url = {http://doi.acm.org/10.1145/1957656.1957752},
 doi = {10.1145/1957656.1957752},
 acmid = {1957752},
 publisher = {ACM},
 address = {New York, NY, USA},
 keywords = {active learning, emotions, robot movements},
}

@inproceedings{Seifert:2010:UAL:1933306.1934449,
 author = {Seifert, Christin and Granitzer, Michael},
 title = {User-Based Active Learning},
 booktitle = {Proceedings of the 2010 IEEE International Conference on Data Mining Workshops},
 series = {ICDMW '10},
 year = {2010},
 isbn = {978-0-7695-4257-7},
 pages = {418--425},
 numpages = {8},
 url = {http://dx.doi.org/10.1109/ICDMW.2010.181},
 doi = {10.1109/ICDMW.2010.181},
 acmid = {1934449},
 publisher = {IEEE Computer Society},
 address = {Washington, DC, USA},
 keywords = {active learning, information visualization, user behavior, visualization},
}

@inproceedings{Silva:2004:MAL:1053723.1053934,
 author = {Silva, Catarina and Ribeiro, Bernardete},
 title = {Margin-Based Active Learning and Background Knowledge in Text Mining},
 booktitle = {Proceedings of the Fourth International Conference on Hybrid Intelligent Systems},
 series = {HIS '04},
 year = {2004},
 isbn = {0-7695-2291-2},
 pages = {8--13},
 numpages = {6},
 url = {http://dx.doi.org/10.1109/ICHIS.2004.70},
 doi = {10.1109/ICHIS.2004.70},
 acmid = {1053934},
 publisher = {IEEE Computer Society},
 address = {Washington, DC, USA},
 keywords = {Text Mining, Support Vector Machines, Active Learning},
}

@inproceedings{Samani:2010:CNO:1932683.1932707,
 author = {Samani, Alireza Ghatreh and Shouraki, Saeed Bagheri and Eghbali, Reza and Rostami, Mohammad Ghomi},
 title = {Control of a Non Observable Double Inverted Pendulum Using a Novel Active Learning Method Based State Estimator},
 booktitle = {Proceedings of the 2010 Fourth UKSim European Symposium on Computer Modeling and Simulation},
 series = {EMS '10},
 year = {2010},
 isbn = {978-0-7695-4308-6},
 pages = {21--26},
 numpages = {6},
 url = {http://dx.doi.org/10.1109/EMS.2010.17},
 doi = {10.1109/EMS.2010.17},
 acmid = {1932707},
 publisher = {IEEE Computer Society},
 address = {Washington, DC, USA},
 keywords = {Double inverted pendulum, Active Learning Method, Ink Drop Spread, Linear Quadratic Regulator, State estimator},
}

@inproceedings{Garcia:2011:ALA:2177595.2177668,
 author = {Garc\'{\i}a, Fernando and Hurtado, Llu\'{\i}s-F. and Sanchis, Emilio and Segarra, Encarna},
 title = {An Active Learning Approach for Statistical Spoken Language Understanding},
 booktitle = {Proceedings of the 16th Iberoamerican Congress Conference on Progress in Pattern Recognition, Image Analysis, Computer Vision, and Applications},
 series = {CIARP'11},
 year = {2011},
 isbn = {978-3-642-25084-2},
 location = {Puc\&\#243;n, Chile},
 pages = {565--572},
 numpages = {8},
 url = {http://dx.doi.org/10.1007/978-3-642-25085-9_67},
 doi = {10.1007/978-3-642-25085-9_67},
 acmid = {2177668},
 publisher = {Springer-Verlag},
 address = {Berlin, Heidelberg},
 keywords = {active learning, spoken dialog systems, spoken language understanding, unaligned corpus},
}

@article{Li:2006:CAL:1155317.1155429,
 author = {Li, Mingkun and Sethi, Ishwar K.},
 title = {Confidence-Based Active Learning},
 journal = {IEEE Trans. Pattern Anal. Mach. Intell.},
 issue_date = {August 2006},
 volume = {28},
 number = {8},
 month = aug,
 year = {2006},
 issn = {0162-8828},
 pages = {1251--1261},
 numpages = {11},
 url = {http://dx.doi.org/10.1109/TPAMI.2006.156},
 doi = {10.1109/TPAMI.2006.156},
 acmid = {1155429},
 publisher = {IEEE Computer Society},
 address = {Washington, DC, USA},
 keywords = {Active learning, Active learning, error estimation, pattern classification, support vector machines., error estimation, pattern classification, support vector machines.},
}

@inproceedings{Lai:2004:SAL:1039470.1039477,
 author = {Lai, Wei-Cheng and Goh, Kingshy and Chang, Edward Y.},
 title = {On Scalability of Active Learning for Formulating Query Concepts},
 booktitle = {Proceedings of the 1st International Workshop on Computer Vision Meets Databases},
 series = {CVDB '04},
 year = {2004},
 isbn = {1-58113-917-9},
 location = {Paris, France},
 pages = {11--18},
 numpages = {8},
 url = {http://doi.acm.org/10.1145/1039470.1039477},
 doi = {10.1145/1039470.1039477},
 acmid = {1039477},
 publisher = {ACM},
 address = {New York, NY, USA},
 keywords = {active learning, image retrieval, query concept, relevance feedback, support vector machines},
}

@inproceedings{Fu:2011:MKA:2009324.2009374,
 author = {Fu, Siyao and Kuai, Xinkai and Yang, Guosheng},
 title = {Multiple Kernel Active Learning for Facial Expression Analysis},
 booktitle = {Proceedings of the 8th International Conference on Advances in Neural Networks - Volume Part II},
 series = {ISNN'11},
 year = {2011},
 isbn = {978-3-642-21089-1},
 location = {Guilin, China},
 pages = {381--387},
 numpages = {7},
 url = {http://dl.acm.org/citation.cfm?id=2009324.2009374},
 acmid = {2009374},
 publisher = {Springer-Verlag},
 address = {Berlin, Heidelberg},
 keywords = {active learning, supervised learning},
}

@inproceedings{Ertekin:2007:ALC:1277741.1277927,
 author = {Ertekin, Seyda and Huang, Jian and Giles, C. Lee},
 title = {Active Learning for Class Imbalance Problem},
 booktitle = {Proceedings of the 30th Annual International ACM SIGIR Conference on Research and Development in Information Retrieval},
 series = {SIGIR '07},
 year = {2007},
 isbn = {978-1-59593-597-7},
 location = {Amsterdam, The Netherlands},
 pages = {823--824},
 numpages = {2},
 url = {http://doi.acm.org/10.1145/1277741.1277927},
 doi = {10.1145/1277741.1277927},
 acmid = {1277927},
 publisher = {ACM},
 address = {New York, NY, USA},
 keywords = {active learning, imbalanced data, support vector machines},
}

@inproceedings{Zhang:2009:ALE:1690339.1690346,
 author = {Zhang, Justin Jian and Fung, Pascale},
 title = {Active Learning of Extractive Reference Summaries for Lecture Speech Summarization},
 booktitle = {Proceedings of the 2Nd Workshop on Building and Using Comparable Corpora: From Parallel to Non-parallel Corpora},
 series = {BUCC '09},
 year = {2009},
 isbn = {978-1-932432-53-4},
 location = {Suntec, Singapore},
 pages = {23--26},
 numpages = {4},
 url = {http://dl.acm.org/citation.cfm?id=1690339.1690346},
 acmid = {1690346},
 publisher = {Association for Computational Linguistics},
 address = {Stroudsburg, PA, USA},
 keywords = {active learning, summarization},
}

@inproceedings{Lecerf:2006:DAA:1166160.1166194,
 author = {Lecerf, Lo\"{\i}c and Chidlovskii, Boris},
 title = {Document Annotation by Active Learning Techniques},
 booktitle = {Proceedings of the 2006 ACM Symposium on Document Engineering},
 series = {DocEng '06},
 year = {2006},
 isbn = {1-59593-515-0},
 location = {Amsterdam, The Netherlands},
 pages = {125--127},
 numpages = {3},
 url = {http://doi.acm.org/10.1145/1166160.1166194},
 doi = {10.1145/1166160.1166194},
 acmid = {1166194},
 publisher = {ACM},
 address = {New York, NY, USA},
 keywords = {active learning, maximum entropy, semantic annotation},
}

@inproceedings{Duan:2008:GPD:1444443.1444676,
 author = {Duan, Songyun and Babu, Shivnath},
 title = {Guided Problem Diagnosis Through Active Learning},
 booktitle = {Proceedings of the 2008 International Conference on Autonomic Computing},
 series = {ICAC '08},
 year = {2008},
 isbn = {978-0-7695-3175-5},
 pages = {45--54},
 numpages = {10},
 url = {http://dx.doi.org/10.1109/ICAC.2008.28},
 doi = {10.1109/ICAC.2008.28},
 acmid = {1444676},
 publisher = {IEEE Computer Society},
 address = {Washington, DC, USA},
 keywords = {Automated diagnosis, self-healing, performance problems, active learning},
}

@inproceedings{Zhang:1997:EMA:523996.793129,
 author = {Zhang, Byoung-Tak and Kim, Sung-Hoon},
 title = {An Evolutionary Method for Active Learning of Mobile Robot Path Planning},
 booktitle = {Proceedings of the 1997 IEEE International Symposium on Computational Intelligence in Robotics and Automation},
 series = {CIRA '97},
 year = {1997},
 isbn = {0-8186-8138-1},
 pages = {312--},
 url = {http://dl.acm.org/citation.cfm?id=523996.793129},
 acmid = {793129},
 publisher = {IEEE Computer Society},
 address = {Washington, DC, USA},
 keywords = {active learning, encoding, evolutionary algorithms, incremental learning, mobile robot, mobile robots, path planning, real-time system, robotic soccer, route matching, search problem},
}

@inproceedings{Rendle:2008:ALE:1510528.1511359,
 author = {Rendle, Steffen and Schmidt-Thieme, Lars},
 title = {Active Learning of Equivalence Relations by Minimizing the Expected Loss Using Constraint Inference},
 booktitle = {Proceedings of the 2008 Eighth IEEE International Conference on Data Mining},
 series = {ICDM '08},
 year = {2008},
 isbn = {978-0-7695-3502-9},
 pages = {1001--1006},
 numpages = {6},
 url = {http://dx.doi.org/10.1109/ICDM.2008.41},
 doi = {10.1109/ICDM.2008.41},
 acmid = {1511359},
 publisher = {IEEE Computer Society},
 address = {Washington, DC, USA},
 keywords = {Active Learning, Equivalence Relation, Record Linkage},
}

@inproceedings{Saha:2012:ALT:2345396.2345532,
 author = {Saha, Sriparna and Ekbal, Asif and Verma, Mridula and Sikdar, Utpal and Poesio, Massimo},
 title = {Active Learning Technique for Biomedical Named Entity Extraction},
 booktitle = {Proceedings of the International Conference on Advances in Computing, Communications and Informatics},
 series = {ICACCI '12},
 year = {2012},
 isbn = {978-1-4503-1196-0},
 location = {Chennai, India},
 pages = {835--841},
 numpages = {7},
 url = {http://doi.acm.org/10.1145/2345396.2345532},
 doi = {10.1145/2345396.2345532},
 acmid = {2345532},
 publisher = {ACM},
 address = {New York, NY, USA},
 keywords = {active learning, biomedical domain, conditional random field, named entity recognition, natural language processing, pattern recognition},
}

@inproceedings{Huang:2008:CDA:1510528.1511306,
 author = {Huang, Anna and Milne, David and Frank, Eibe and Witten, Ian H.},
 title = {Clustering Documents with Active Learning Using Wikipedia},
 booktitle = {Proceedings of the 2008 Eighth IEEE International Conference on Data Mining},
 series = {ICDM '08},
 year = {2008},
 isbn = {978-0-7695-3502-9},
 pages = {839--844},
 numpages = {6},
 url = {http://dx.doi.org/10.1109/ICDM.2008.80},
 doi = {10.1109/ICDM.2008.80},
 acmid = {1511306},
 publisher = {IEEE Computer Society},
 address = {Washington, DC, USA},
 keywords = {document representation, text clustering, active learning, Wikipedia},
}

@inproceedings{Chakraborty:2010:DBS:1955604.1956714,
 author = {Chakraborty, Shayok and Balasubramanian, Vineeth and Panchanathan, Sethuraman},
 title = {Dynamic Batch Size Selection for Batch Mode Active Learning in Biometrics},
 booktitle = {Proceedings of the 2010 Ninth International Conference on Machine Learning and Applications},
 series = {ICMLA '10},
 year = {2010},
 isbn = {978-0-7695-4300-0},
 pages = {15--22},
 numpages = {8},
 url = {http://dx.doi.org/10.1109/ICMLA.2010.10},
 doi = {10.1109/ICMLA.2010.10},
 acmid = {1956714},
 publisher = {IEEE Computer Society},
 address = {Washington, DC, USA},
 keywords = {active learning, DBSCAN clustering, numerical optimization},
}

@inproceedings{Zhang:2001:IRM:500141.500261,
 author = {Zhang, Cha and Chen, Tsuhan},
 title = {Indexing and Retrieval of 3D Models Aided by Active Learning},
 booktitle = {Proceedings of the Ninth ACM International Conference on Multimedia},
 series = {MULTIMEDIA '01},
 year = {2001},
 isbn = {1-58113-394-4},
 location = {Ottawa, Canada},
 pages = {615--616},
 numpages = {2},
 url = {http://doi.acm.org/10.1145/500141.500261},
 doi = {10.1145/500141.500261},
 acmid = {500261},
 publisher = {ACM},
 address = {New York, NY, USA},
 keywords = {3D model retrieval, active learning, feature extraction, information retrieval, semantic distance},
}

@inproceedings{Zhang:2009:BMA:1674652.1676228,
 author = {Zhang, Xue and Zhao, Dong-yan and Chen, Li-wei and Min, Wang-hua},
 title = {Batch Mode Active Learning Based Multi-view Text Classification},
 booktitle = {Proceedings of the 2009 Sixth International Conference on Fuzzy Systems and Knowledge Discovery - Volume 07},
 series = {FSKD '09},
 year = {2009},
 isbn = {978-0-7695-3735-1},
 pages = {472--476},
 numpages = {5},
 url = {http://dx.doi.org/10.1109/FSKD.2009.495},
 doi = {10.1109/FSKD.2009.495},
 acmid = {1676228},
 publisher = {IEEE Computer Society},
 address = {Washington, DC, USA},
 keywords = {Batch Mode Active Learning, Multi-View Learning, text classification, k nearest neighbor(kNN)},
}

@inproceedings{Chen:2005:PAL:1101149.1101342,
 author = {Chen, Ming-yu and Christel, Michael and Hauptmann, Alexander and Wactlar, Howard},
 title = {Putting Active Learning into Multimedia Applications: Dynamic Definition and Refinement of Concept Classifiers},
 booktitle = {Proceedings of the 13th Annual ACM International Conference on Multimedia},
 series = {MULTIMEDIA '05},
 year = {2005},
 isbn = {1-59593-044-2},
 location = {Hilton, Singapore},
 pages = {902--911},
 numpages = {10},
 url = {http://doi.acm.org/10.1145/1101149.1101342},
 doi = {10.1145/1101149.1101342},
 acmid = {1101342},
 publisher = {ACM},
 address = {New York, NY, USA},
 keywords = {active learning, extensible concept classification, video retrieval},
}

@inproceedings{Cheng:2012:ALH:2396761.2398668,
 author = {Cheng, Yu and Zhang, Kunpeng and Xie, Yusheng and Agrawal, Ankit and Choudhary, Alok},
 title = {On Active Learning in Hierarchical Classification},
 booktitle = {Proceedings of the 21st ACM International Conference on Information and Knowledge Management},
 series = {CIKM '12},
 year = {2012},
 isbn = {978-1-4503-1156-4},
 location = {Maui, Hawaii, USA},
 pages = {2467--2470},
 numpages = {4},
 url = {http://doi.acm.org/10.1145/2396761.2398668},
 doi = {10.1145/2396761.2398668},
 acmid = {2398668},
 publisher = {ACM},
 address = {New York, NY, USA},
 keywords = {active learning, hierarchical classification, label tree embedding},
}

@article{Ji:2006:VBC:1115692.1115776,
 author = {Ji, Shihao and Krishnapuram, Balaji and Carin, Lawrence},
 title = {Variational Bayes for Continuous Hidden Markov Models and Its Application to Active Learning},
 journal = {IEEE Trans. Pattern Anal. Mach. Intell.},
 issue_date = {April 2006},
 volume = {28},
 number = {4},
 month = apr,
 year = {2006},
 issn = {0162-8828},
 pages = {522--532},
 numpages = {11},
 url = {http://dx.doi.org/10.1109/TPAMI.2006.85},
 doi = {10.1109/TPAMI.2006.85},
 acmid = {1115776},
 publisher = {IEEE Computer Society},
 address = {Washington, DC, USA},
 keywords = {Variational Bayes (VB), Variational Bayes (VB), continuous hidden Markov models (CHMMs), active learning (AL), query by committee (QBC), maximum expected information gain (MEIG), error-reduction-based active learning., active learning (AL), continuous hidden Markov models (CHMMs), error-reduction-based active learning., maximum expected information gain (MEIG), query by committee (QBC)},
}

@inproceedings{Vu:2010:ALS:1916729.1917209,
 author = {Vu, Viet-Vu and Labroche, Nicolas and Bouchon-Meunier, Bernadette},
 title = {Active Learning for Semi-Supervised K-Means Clustering},
 booktitle = {Proceedings of the 2010 22Nd IEEE International Conference on Tools with Artificial Intelligence - Volume 01},
 series = {ICTAI '10},
 year = {2010},
 isbn = {978-0-7695-4263-8},
 pages = {12--15},
 numpages = {4},
 url = {http://dx.doi.org/10.1109/ICTAI.2010.11},
 doi = {10.1109/ICTAI.2010.11},
 acmid = {1917209},
 publisher = {IEEE Computer Society},
 address = {Washington, DC, USA},
 keywords = {Semi-supervied clustering, active learning, seed},
}

@article{Qi:2009:TMA:1608576.1608773,
 author = {Qi, Guo-Jun and Hua, Xian-Sheng and Rui, Yong and Tang, Jinhui and Zhang, Hong-Jiang},
 title = {Two-Dimensional Multilabel Active Learning with an Efficient Online Adaptation Model for Image Classification},
 journal = {IEEE Trans. Pattern Anal. Mach. Intell.},
 issue_date = {October 2009},
 volume = {31},
 number = {10},
 month = oct,
 year = {2009},
 issn = {0162-8828},
 pages = {1880--1897},
 numpages = {18},
 url = {http://dx.doi.org/10.1109/TPAMI.2008.218},
 doi = {10.1109/TPAMI.2008.218},
 acmid = {1608773},
 publisher = {IEEE Computer Society},
 address = {Washington, DC, USA},
 keywords = {Active learning, Active learning, online adaption, multilabel classification, image annotation., Computing Methodologies, Image Processing and Computer Vision, Scene Analysis, Vision and Scene Understanding, image annotation., multilabel classification, online adaption},
}

@inproceedings{Yankov:2010:IPM:1933306.1934491,
 author = {Yankov, Dragomir and Rajan, Suju and Ratnaparkhi, Adwait},
 title = {Integer Programming for Multi-class Active Learning},
 booktitle = {Proceedings of the 2010 IEEE International Conference on Data Mining Workshops},
 series = {ICDMW '10},
 year = {2010},
 isbn = {978-0-7695-4257-7},
 pages = {1257--1264},
 numpages = {8},
 url = {http://dx.doi.org/10.1109/ICDMW.2010.148},
 doi = {10.1109/ICDMW.2010.148},
 acmid = {1934491},
 publisher = {IEEE Computer Society},
 address = {Washington, DC, USA},
 keywords = {multi-class classification, active learning, integer programming},
}

@inproceedings{Du:2009:ALG:1674659.1677035,
 author = {Du, Jun and Ling, Charles X.},
 title = {Active Learning with Generalized Queries},
 booktitle = {Proceedings of the 2009 Ninth IEEE International Conference on Data Mining},
 series = {ICDM '09},
 year = {2009},
 isbn = {978-0-7695-3895-2},
 pages = {120--128},
 numpages = {9},
 url = {http://dx.doi.org/10.1109/ICDM.2009.71},
 doi = {10.1109/ICDM.2009.71},
 acmid = {1677035},
 publisher = {IEEE Computer Society},
 address = {Washington, DC, USA},
 keywords = {active learning, generalized queries, supervised learning},
}

@inproceedings{Wu:2010:ESA:1904935.1905680,
 author = {Wu, Jun and Lu, Ming-Yu and Wang, Chun-Li},
 title = {Enhancing SVM Active Learning for Image Retrieval Using Semi-supervised Bias-Ensemble},
 booktitle = {Proceedings of the 2010 20th International Conference on Pattern Recognition},
 series = {ICPR '10},
 year = {2010},
 isbn = {978-0-7695-4109-9},
 pages = {3175--3178},
 numpages = {4},
 url = {http://dx.doi.org/10.1109/ICPR.2010.777},
 doi = {10.1109/ICPR.2010.777},
 acmid = {1905680},
 publisher = {IEEE Computer Society},
 address = {Washington, DC, USA},
 keywords = {image retrieval, relevance feedback, semi-supervised learning, ensemble learning, active learning},
}

@inproceedings{Cao:2008:MCA:1470584.1470934,
 author = {Cao, Yongcun and Zhao, Yue and Pan, Xiuqin and Lu, Yong and Xu, Xiaona},
 title = {MBBNTree Classifier Algorithm Based on Active Learning from Unlabeled Samples},
 booktitle = {Proceedings of the 2008 Fifth International Conference on Fuzzy Systems and Knowledge Discovery - Volume 02},
 series = {FSKD '08},
 year = {2008},
 isbn = {978-0-7695-3305-6},
 pages = {172--176},
 numpages = {5},
 url = {http://dx.doi.org/10.1109/FSKD.2008.192},
 doi = {10.1109/FSKD.2008.192},
 acmid = {1470934},
 publisher = {IEEE Computer Society},
 address = {Washington, DC, USA},
 keywords = {MBBNTree, active learning, unlabeled samples, classification},
}

@inproceedings{Silva:2008:SEM:1491260.1491374,
 author = {Silva, C. and Ribeiro, B.},
 title = {Selecting Examples in Manifold Reduced Feature Space for Active Learning},
 booktitle = {Proceedings of the 2008 Seventh International Conference on Machine Learning and Applications},
 series = {ICMLA '08},
 year = {2008},
 isbn = {978-0-7695-3495-4},
 pages = {54--59},
 numpages = {6},
 url = {http://dx.doi.org/10.1109/ICMLA.2008.86},
 doi = {10.1109/ICMLA.2008.86},
 acmid = {1491374},
 publisher = {IEEE Computer Society},
 address = {Washington, DC, USA},
 keywords = {Active learning, manifold learning, feature selection, text classification},
}

@inproceedings{Chen:2009:KBM:1510530.1511605,
 author = {Chen, Wei and Liu, Gang and Guo, Jun},
 title = {A KLD Based Method for Initial Set Selection in Active Learning},
 booktitle = {Proceedings of the 2009 International Conference on Electronic Computer Technology},
 series = {ICECT '09},
 year = {2009},
 isbn = {978-0-7695-3559-3},
 pages = {33--37},
 numpages = {5},
 url = {http://dx.doi.org/10.1109/ICECT.2009.102},
 doi = {10.1109/ICECT.2009.102},
 acmid = {1511605},
 publisher = {IEEE Computer Society},
 address = {Washington, DC, USA},
 keywords = {active learning, KLD, Initial Set Selection},
}

@inproceedings{Davy:2008:APT:1490299.1490740,
 author = {Davy, Michael and Luz, Saturnino},
 title = {An Adaptive Pre-filtering Technique for Error-Reduction Sampling in Active Learning},
 booktitle = {Proceedings of the 2008 IEEE International Conference on Data Mining Workshops},
 series = {ICDMW '08},
 year = {2008},
 isbn = {978-0-7695-3503-6},
 pages = {682--691},
 numpages = {10},
 url = {http://dx.doi.org/10.1109/ICDMW.2008.52},
 doi = {10.1109/ICDMW.2008.52},
 acmid = {1490740},
 publisher = {IEEE Computer Society},
 address = {Washington, DC, USA},
 keywords = {Active Learning, Text Categorisation, Error Reduction Sampling},
}

@inproceedings{Luan:2007:ALA:1282280.1282378,
 author = {Luan, Huan-Bo and Neo, Shi-Yong and Chua, Tat-Seng and Zheng, Yan-Tao and Tang, Sheng and Zhang, Yong-Dong and Li, Jin-Tao},
 title = {Active Learning Approach to Interactive Spatio-temporal News Video Retrieval},
 booktitle = {Proceedings of the 6th ACM International Conference on Image and Video Retrieval},
 series = {CIVR '07},
 year = {2007},
 isbn = {978-1-59593-733-9},
 location = {Amsterdam, The Netherlands},
 pages = {651--651},
 numpages = {1},
 url = {http://doi.acm.org/10.1145/1282280.1282378},
 doi = {10.1145/1282280.1282378},
 acmid = {1282378},
 publisher = {ACM},
 address = {New York, NY, USA},
 keywords = {active learning, interactive retrieval},
}

@inproceedings{Pan:2010:TLS:1900726.1901591,
 author = {Pan, Xiuqin and Cao, Yongcun and Lu, Yong and Zhao, Yue},
 title = {Tibetan Language Speech Recognition Model Based on Active Learning and Semi-Supervised Learning},
 booktitle = {Proceedings of the 2010 10th IEEE International Conference on Computer and Information Technology},
 series = {CIT '10},
 year = {2010},
 isbn = {978-0-7695-4108-2},
 pages = {1225--1228},
 numpages = {4},
 url = {http://dx.doi.org/10.1109/CIT.2010.221},
 doi = {10.1109/CIT.2010.221},
 acmid = {1901591},
 publisher = {IEEE Computer Society},
 address = {Washington, DC, USA},
 keywords = {Tibetan language speech recognition, active learning, semi-supervised learning},
}

@inproceedings{Arasu:2010:ALR:1807167.1807252,
 author = {Arasu, Arvind and G\"{o}tz, Michaela and Kaushik, Raghav},
 title = {On Active Learning of Record Matching Packages},
 booktitle = {Proceedings of the 2010 ACM SIGMOD International Conference on Management of Data},
 series = {SIGMOD '10},
 year = {2010},
 isbn = {978-1-4503-0032-2},
 location = {Indianapolis, Indiana, USA},
 pages = {783--794},
 numpages = {12},
 url = {http://doi.acm.org/10.1145/1807167.1807252},
 doi = {10.1145/1807167.1807252},
 acmid = {1807252},
 publisher = {ACM},
 address = {New York, NY, USA},
 keywords = {active learning, data cleaning, record matching},
}

@inproceedings{Yuan:2011:ITD:1968613.1968619,
 author = {Yuan, Weiwei and Han, Yongkoo and Guan, Donghai and Lee, Sungyoung and Lee, Young-Koo},
 title = {Initial Training Data Selection for Active Learning},
 booktitle = {Proceedings of the 5th International Conference on Ubiquitous Information Management and Communication},
 series = {ICUIMC '11},
 year = {2011},
 isbn = {978-1-4503-0571-6},
 location = {Seoul, Korea},
 pages = {5:1--5:7},
 articleno = {5},
 numpages = {7},
 url = {http://doi.acm.org/10.1145/1968613.1968619},
 doi = {10.1145/1968613.1968619},
 acmid = {1968619},
 publisher = {ACM},
 address = {New York, NY, USA},
 keywords = {active learning, classification, feature selection, labeled training data},
}

@inproceedings{Liu:2009:IQE:1645953.1646238,
 author = {Liu, Danzhou and Hua, Kien A.},
 title = {Incremental Query Evaluation for Support Vector Machines},
 booktitle = {Proceedings of the 18th ACM Conference on Information and Knowledge Management},
 series = {CIKM '09},
 year = {2009},
 isbn = {978-1-60558-512-3},
 location = {Hong Kong, China},
 pages = {1815--1818},
 numpages = {4},
 url = {http://doi.acm.org/10.1145/1645953.1646238},
 doi = {10.1145/1645953.1646238},
 acmid = {1646238},
 publisher = {ACM},
 address = {New York, NY, USA},
 keywords = {active learning, multimedia retrieval, relevance feedback, support vector machines},
}

@inproceedings{Gervasio:2011:LAR:1943403.1943425,
 author = {Gervasio, Melinda and Yeh, Eric and Myers, Karen},
 title = {Learning to Ask the Right Questions to Help a Learner Learn},
 booktitle = {Proceedings of the 16th International Conference on Intelligent User Interfaces},
 series = {IUI '11},
 year = {2011},
 isbn = {978-1-4503-0419-1},
 location = {Palo Alto, CA, USA},
 pages = {135--144},
 numpages = {10},
 url = {http://doi.acm.org/10.1145/1943403.1943425},
 doi = {10.1145/1943403.1943425},
 acmid = {1943425},
 publisher = {ACM},
 address = {New York, NY, USA},
 keywords = {active learning, decision tree induction, metalearning, preference learning, question asking},
}

@inproceedings{Abe:2005:MLP:1089827.1089842,
 author = {Abe, Naoki},
 title = {Machine Learning Paradigms for Utility-based Data Mining},
 booktitle = {Proceedings of the 1st International Workshop on Utility-based Data Mining},
 series = {UBDM '05},
 year = {2005},
 isbn = {1-59593-208-9},
 location = {Chicago, Illinois},
 pages = {2--2},
 numpages = {1},
 url = {http://doi.acm.org/10.1145/1089827.1089842},
 doi = {10.1145/1089827.1089842},
 acmid = {1089842},
 publisher = {ACM},
 address = {New York, NY, USA},
 keywords = {active learning, cost-sensitive learning, data mining, machine learning, reinforcement learning},
}

@inproceedings{Ferecatu:2004:RDI:1026711.1026716,
 author = {Ferecatu, Marin and Crucianu, Michel and Boujemaa, Nozha},
 title = {Retrieval of Difficult Image Classes Using Svd-based Relevance Feedback},
 booktitle = {Proceedings of the 6th ACM SIGMM International Workshop on Multimedia Information Retrieval},
 series = {MIR '04},
 year = {2004},
 isbn = {1-58113-940-3},
 location = {New York, NY, USA},
 pages = {23--30},
 numpages = {8},
 url = {http://doi.acm.org/10.1145/1026711.1026716},
 doi = {10.1145/1026711.1026716},
 acmid = {1026716},
 publisher = {ACM},
 address = {New York, NY, USA},
 keywords = {active learning, image retrieval, kernel function, reduction of redundancy, sample selection},
}

@inproceedings{Zhang:2011:ALT:1991996.1992042,
 author = {Zhang, Lei and Ma, Jun and Cui, Chaoran and Li, Piji},
 title = {Active Learning Through Notes Data in Flickr: An Effortless Training Data Acquisition Approach for Object Localization},
 booktitle = {Proceedings of the 1st ACM International Conference on Multimedia Retrieval},
 series = {ICMR '11},
 year = {2011},
 isbn = {978-1-4503-0336-1},
 location = {Trento, Italy},
 pages = {46:1--46:8},
 articleno = {46},
 numpages = {8},
 url = {http://doi.acm.org/10.1145/1991996.1992042},
 doi = {10.1145/1991996.1992042},
 acmid = {1992042},
 publisher = {ACM},
 address = {New York, NY, USA},
 keywords = {Flickr, SVM, active learning, incremental learning, object localization},
}

@inproceedings{Awasthi:2014:PLE:2591796.2591839,
 author = {Awasthi, Pranjal and Balcan, Maria Florina and Long, Philip M.},
 title = {The Power of Localization for Efficiently Learning Linear Separators with Noise},
 booktitle = {Proceedings of the 46th Annual ACM Symposium on Theory of Computing},
 series = {STOC '14},
 year = {2014},
 isbn = {978-1-4503-2710-7},
 location = {New York, New York},
 pages = {449--458},
 numpages = {10},
 url = {http://doi.acm.org/10/1145/2591796.2591839},
 doi = {10/1145/2591796.2591839},
 acmid = {2591839},
 publisher = {ACM},
 address = {New York, NY, USA},
 keywords = {adversarial label noise, malicious noise, noise tolerant learning, passive and active learning},
}

@inproceedings{Gonzalez-Pacheco:2014:ARQ:2559636.2559845,
 author = {Gonzalez-Pacheco, V\'{\i}ctor and Malfaz, Maria and Salichs, Miguel A.},
 title = {Asking Rank Queries in Pose Learning},
 booktitle = {Proceedings of the 2014 ACM/IEEE International Conference on Human-robot Interaction},
 series = {HRI '14},
 year = {2014},
 isbn = {978-1-4503-2658-2},
 location = {Bielefeld, Germany},
 pages = {164--165},
 numpages = {2},
 url = {http://doi.acm.org/10.1145/2559636.2559845},
 doi = {10.1145/2559636.2559845},
 acmid = {2559845},
 publisher = {ACM},
 address = {New York, NY, USA},
 keywords = {active learning, feature queries, pose recognition, rank queries},
}

@inproceedings{Purpura:2008:ALE:1367832.1367873,
 author = {Purpura, Stephen and Cardie, Claire and Simons, Jesse},
 title = {Active Learning for e-Rulemaking: Public Comment Categorization},
 booktitle = {Proceedings of the 2008 International Conference on Digital Government Research},
 series = {dg.o '08},
 year = {2008},
 isbn = {978-1-60558-099-9},
 location = {Montreal, Canada},
 pages = {234--243},
 numpages = {10},
 url = {http://dl.acm.org/citation.cfm?id=1367832.1367873},
 acmid = {1367873},
 publisher = {Digital Government Society of North America},
 keywords = {active learning, e-rulemaking, machine learning, public comment, text categorization},
}

@inproceedings{Nogueira:2012:HCA:2245276.2245318,
 author = {Nogueira, Bruno M. and Jorge, Al\'{\i}pio M. and Rezende, Solange O.},
 title = {Hierarchical Confidence-based Active Clustering},
 booktitle = {Proceedings of the 27th Annual ACM Symposium on Applied Computing},
 series = {SAC '12},
 year = {2012},
 isbn = {978-1-4503-0857-1},
 location = {Trento, Italy},
 pages = {216--219},
 numpages = {4},
 url = {http://doi.acm.org/10.1145/2245276.2245318},
 doi = {10.1145/2245276.2245318},
 acmid = {2245318},
 publisher = {ACM},
 address = {New York, NY, USA},
 keywords = {active learning, semi-supervised clustering},
}

@inproceedings{Lai:2002:PMI:641007.641097,
 author = {Lai, Wei-Cheng and Chang, Chengwei and Chang, Edward and Cheng, Kwang-Ting and Crandell, Michael},
 title = {PBIR-MM: Multimodal Image Retrieval and Annotation},
 booktitle = {Proceedings of the Tenth ACM International Conference on Multimedia},
 series = {MULTIMEDIA '02},
 year = {2002},
 isbn = {1-58113-620-X},
 location = {Juan-les-Pins, France},
 pages = {421--422},
 numpages = {2},
 url = {http://doi.acm.org/10.1145/641007.641097},
 doi = {10.1145/641007.641097},
 acmid = {641097},
 publisher = {ACM},
 address = {New York, NY, USA},
 keywords = {active learning, image retrieval, query concept},
}

@inproceedings{Yuan:2005:USB:1101149.1101271,
 author = {Yuan, Jinhui and Li, Jianmin and Lin, Fuzong and Zhang, Bo},
 title = {A Unified Shot Boundary Detection Framework Based on Graph Partition Model},
 booktitle = {Proceedings of the 13th Annual ACM International Conference on Multimedia},
 series = {MULTIMEDIA '05},
 year = {2005},
 isbn = {1-59593-044-2},
 location = {Hilton, Singapore},
 pages = {539--542},
 numpages = {4},
 url = {http://doi.acm.org/10.1145/1101149.1101271},
 doi = {10.1145/1101149.1101271},
 acmid = {1101271},
 publisher = {ACM},
 address = {New York, NY, USA},
 keywords = {active learning, graph partition, temporal multi-resolution},
}

@article{Tong:2002:SVM:944790.944793,
 author = {Tong, Simon and Koller, Daphne},
 title = {Support Vector Machine Active Learning with Applications to Text Classification},
 journal = {J. Mach. Learn. Res.},
 issue_date = {3/1/2002},
 volume = {2},
 month = mar,
 year = {2002},
 issn = {1532-4435},
 pages = {45--66},
 numpages = {22},
 url = {http://dx.doi.org/10.1162/153244302760185243},
 doi = {10.1162/153244302760185243},
 acmid = {944793},
 publisher = {JMLR.org},
 keywords = {active learning, classification, relevance feedback, selective sampling, support vector machines},
}

@article{Cohn:1994:IGA:189256.189489,
 author = {Cohn, David and Atlas, Les and Ladner, Richard},
 title = {Improving Generalization with Active Learning},
 journal = {Mach. Learn.},
 issue_date = {May 1994},
 volume = {15},
 number = {2},
 month = may,
 year = {1994},
 issn = {0885-6125},
 pages = {201--221},
 numpages = {21},
 url = {http://dx.doi.org/10.1023/A:1022673506211},
 doi = {10.1023/A:1022673506211},
 acmid = {189489},
 publisher = {Kluwer Academic Publishers},
 address = {Hingham, MA, USA},
 keywords = {active learning, generalization, neural networks, queries, version space},
}

@inproceedings{Tong:2001:SVM:500141.500159,
 author = {Tong, Simon and Chang, Edward},
 title = {Support Vector Machine Active Learning for Image Retrieval},
 booktitle = {Proceedings of the Ninth ACM International Conference on Multimedia},
 series = {MULTIMEDIA '01},
 year = {2001},
 isbn = {1-58113-394-4},
 location = {Ottawa, Canada},
 pages = {107--118},
 numpages = {12},
 url = {http://doi.acm.org/10.1145/500141.500159},
 doi = {10.1145/500141.500159},
 acmid = {500159},
 publisher = {ACM},
 address = {New York, NY, USA},
 keywords = {active learning, image retrieval, query concept, relevance feedback, support vector machines},
}

