@article{journals/jbcs/PisaniL13,
author = {Pisani, Paulo Henrique and Lorena, Ana Carolina},
journal = {J. Braz. Comp. Soc},
number = {4},
pages = {573--587},
title = {{A systematic review on keystroke dynamics}},
url = {http://dx.doi.org/10.1007/s13173-013-0117-7},
volume = {19},
year = {2013}
}
@article{Kitchenham2007,
author = {Kitchenham, Barbara and Charters, S},
doi = {10.1145/1134285.1134500},
file = {:home/davi/mendeley/2007/Engineering/Kitchenham, Charters/Kitchenham, Charters - 2007 - Guidelines for performing Systematic Literature Reviews in Software Engineering.pdf:pdf},
isbn = {1595933751},
issn = {00010782},
journal = {Engineering},
pages = {1051},
title = {{Guidelines for performing Systematic Literature Reviews in Software Engineering}},
volume = {2},
year = {2007}
}
@misc{Adomavicius2005,
archivePrefix = {arXiv},
arxivId = {3},
author = {Adomavicius, Gediminas and Tuzhilin, Alexander},
booktitle = {IEEE Transactions on Knowledge and Data Engineering},
eprint = {3},
keywords = {Collaborative filtering,Extensions to recommander systems,Rating estimation methods,Recommander systems},
number = {6},
pages = {734--749},
pmid = {1423975},
title = {{Toward the next generation of recommender systems: A survey of the state-of-the-art and possible extensions}},
volume = {17},
year = {2005}
}
@book{Bishop2006,
archivePrefix = {arXiv},
arxivId = {0-387-31073-8},
author = {Bishop, Christopher M},
booktitle = {Pattern Recognition},
doi = {10.1117/1.2819119},
eprint = {0-387-31073-8},
isbn = {9780387310732},
issn = {10179909},
pages = {738},
pmid = {8943268},
title = {{Pattern Recognition and Machine Learning}},
url = {http://www.library.wisc.edu/selectedtocs/bg0137.pdf},
volume = {4},
year = {2006}
}
