@article{revistainvestigation,
  title={Investigation of Different Approaches for Active Learning},
  author={Davi Pereira Santos and Andr\'e C. P. L. F. Carvalho},
  journal =	"Neurocomputing",
  year = 	"2016",
  publisher={Elsevier},
  \volume =	"163",
  \bibdate =	"2015-05-29",
  \bibsource =	"DBLP,
		 http://dblp.uni-trier.de/db/journals/ijon/ijon163.html#CharteRJH15",
  \pages =	"3--16",
  \URL =  	"http://dx.doi.org/10.1016/j.neucom.2014.08.091",
  note = "To be published."
}

@article{revistametaartigo,
  title={Automatic selection of learning bias for active sampling},
  author={Davi Pereira Santos and Andr\'e C. P. L. F. Carvalho},
  journal={Artificial Intelligence Review},
  \volume={44},
  \number={1},
  \pages={1--54},
  year={2016},
  publisher={Springer},
  note = "To be published."
}

@conference {bracis15,
 title = "Selectively inhibiting learning bias for active sampling",
 author = "Davi Pereira Santos and Andr\'e C. P. L. F. Carvalho",
 booktitle = {Proceedings of the IV Brazilian Conference on Intelligent Systems},
 year = {2015},
 \pages = {1{\textendash}6},
 publisher = {IEEE},
 \organization = {IEEE},
 address = {Natal {\textendash} Brasil},
 \url = {http://dx.doi.org/10.1109/BRACIS.2013.9},
 note = "To be published."
}

@conference{conf/icml/AbeM98,
  title =	"Query Learning Strategies Using Boosting and Bagging",
  author =	"Naoki Abe and Hiroshi Mamitsuka",
  bibdate =	"2002-12-04",
  bibsource =	"DBLP,
		 http://dblp.uni-trier.de/db/conf/icml/icml1998.html#AbeM98",
  booktitle =	"International Conference
on Machine Learning",
  booktitle =	"Proceedings of the Fifteenth International Conference
		 on Machine Learning ({International Conference
on Machine Learning} 1998), Madison, Wisconsin,
		 {USA}, July 24-27, 1998",
  publisher =	"Morgan Kaufmann",
  year = 	"1998",
  \editor =	"Jude W. Shavlik",
  ISBN = 	"1-55860-556-8",
  pages =	"1--9",
}

@Article{journals/ml/Angluin87,
  title =	"Queries and Concept Learning",
  author =	"Dana Angluin",
  journal =	"Machine Learning",
  year = 	"1987",
  number =	"4",
  volume =	"2",
  bibdate =	"2011-05-26",
  bibsource =	"DBLP,
		 http://dblp.uni-trier.de/db/journals/ml/ml2.html#Angluin87",
  pages =	"319--342",
  \URL =  	"http://dx.doi.org/10.1007/BF00116828",
}

@TechReport{bache2013uci,
  author =	"Bache, Kevin and Lichman, Moshe",
  title =	"{UCI} repository of machine learning databases",
  year = 	"2013",
  address =	"Irvine, CA",
  institution =  "University of California, Department of Information
		 and Computer Science",
  type = 	"Machine-readable data repository",
}

@conference{conf/pakdd/BouckaertF04,
  title =	"Evaluating the Replicability of Significance Tests for
		 Comparing Learning Algorithms",
  author =	"Remco R. Bouckaert and Eibe Frank",
  bibdate =	"2011-07-07",
  bibsource =	"DBLP,
		 http://dblp.uni-trier.de/db/conf/pakdd/pakdd2004.html#BouckaertF04",
  \booktitle =	"PAKDD, 8th
		 Pacific-Asia Conference, {PAKDD} 2004, Sydney,
		 Australia, May 26-28, 2004, Proceedings",
  booktitle =	"Advances in Knowledge Discovery and Data Mining",
  publisher =	"Springer",
  year = 	"2004",
  volume =	"3056",
  \editor =	"Honghua Dai and Ramakrishnan Srikant and Chengqi
		 Zhang",
  ISBN = 	"3-540-22064-X",
  pages =	"3--12",
  series =	"Lecture Notes in Computer Science",
  \URL =  	"http://dx.doi.org/10.1007/978-3-540-24775-3_3",
}

@Article{journals/ml/CohnAL94,
  title =	"Improving Generalization with Active Learning",
  author =	"David A. Cohn and Les E. Atlas and Richard E. Ladner",
  journal =	"Machine Learning",
  year = 	"1994",
  number =	"2",
  volume =	"15",
  bibdate =	"2011-05-26",
  bibsource =	"DBLP,
		 http://dblp.uni-trier.de/db/journals/ml/ml15.html#CohnAL94",
  pages =	"201--221",
  \URL =  	"http://dx.doi.org/10.1007/BF00993277",
}

@Article{journals/prl/Ghosh12,
  title =	"A probabilistic approach for semi-supervised nearest
		 neighbor classification",
  author =	"Anil K. Ghosh",
  journal =	"Pattern Recognition Letters",
  year = 	"2012",
  number =	"9",
  volume =	"33",
  bibdate =	"2012-05-08",
  bibsource =	"DBLP,
		 http://dblp.uni-trier.de/db/journals/prl/prl33.html#Ghosh12",
  pages =	"1127--1133",
  \URL =  	"http://dx.doi.org/10.1016/j.patrec.2011.12.015",
}

@Article{journals/tcs/Dasgupta11,
  title =	"Two faces of active learning",
  author =	"Sanjoy Dasgupta",
  journal =	"Theoretical Computer Science",
  year = 	"2011",
  number =	"19",
  volume =	"412",
  bibdate =	"2011-03-14",
  bibsource =	"DBLP,
		 http://dblp.uni-trier.de/db/journals/tcs/tcs412.html#Dasgupta11",
  pages =	"1767--1781",
  \URL =  	"http://dx.doi.org/10.1016/j.tcs.2010.12.054",
}

@Article{journals/jmlr/Demsar06,
  title =	"Statistical Comparisons of Classifiers over Multiple
		 Data Sets",
  author =	"Janez Dem≈°ar",
  journal =	"Journal of Machine Learning Research",
  year = 	"2006",
  volume =	"7",
  bibdate =	"2007-02-21",
  bibsource =	"DBLP,
		 http://dblp.uni-trier.de/db/journals/jmlr/jmlr7.html#Demsar06",
  pages =	"1--30",
  \URL =  	"http://www.jmlr.org/papers/v7/demsar06a.html",
}

@conference{conf/kdd/DomingosH00,
  title =	"Mining high-speed data streams",
  author =	"Pedro Domingos and Geoff Hulten",
  bibdate =	"2012-12-12",
  bibsource =	"DBLP,
		 http://dblp.uni-trier.de/db/conf/kdd/kdd2000.html#DomingosH00",
  \booktitle =	"KDD",
  booktitle =	"Proceedings of the sixth international
		 conference on Knowledge discovery and data mining,
		 Boston, {MA}, {USA}, August 20-23, 2000",
  publisher =	"ACM",
  year = 	"2000",
  \editor =	"Raghu Ramakrishnan and Salvatore J. Stolfo and Roberto
		 J. Bayardo and Ismail Parsa",
  ISBN = 	"1-58113-233-6",
  pages =	"71--80",
  \URL =  	"http://dl.acm.org/citation.cfm?id=347090",
}

@Article{journals/coling/FujiiITT98,
  title =	"Selective Sampling for Example-based Word Sense
		 Disambiguation",
  author =	"Atsushi Fujii and Kentaro Inui and Takenobu Tokunaga
		 and Hozumi Tanaka",
  journal =	"Computational Linguistics",
  year = 	"1998",
  number =	"4",
  volume =	"24",
  bibdate =	"2002-01-03",
  bibsource =	"DBLP,
		 http://dblp.uni-trier.de/db/journals/coling/coling24.html#FujiiITT98",
  pages =	"573--597",
}

@Article{journals/tit/Hart68,
  title =	"The condensed nearest neighbor rule (Corresp.)",
  author =	"Peter E. Hart",
  journal =	"IEEE Transactions on Information Theory",
  year = 	"1968",
  number =	"3",
  volume =	"14",
  bibdate =	"2013-09-09",
  bibsource =	"DBLP,
		 http://dblp.uni-trier.de/db/journals/tit/tit14.html#Hart68",
  pages =	"515--516",
  \URL =  	"http://dx.doi.org/10.1109/TIT.1968.1054155",
}

@conference{conf/ijcai/GuoG07,
  title =	"Optimistic Active-Learning Using Mutual Information",
  author =	"Yuhong Guo and Russell Greiner",
  bibdate =	"2008-12-19",
  bibsource =	"DBLP,
		 http://dblp.uni-trier.de/db/conf/ijcai/ijcai2007.html#GuoG07",
  booktitle =	"International Joint Conference on Artificial Intelligence",
  booktitle =	"{International Joint Conference on Artificial Intelligence} 2007, Proceedings of the 20th International
		 Joint Conference on Artificial Intelligence, Hyderabad,
		 India, January 6-12, 2007",
  year = 	"2007",
  \editor =	"Manuela M. Veloso",
  pages =	"823--829",
 \URL =  	"http://dli.iiit.ac.in/ijcai/International Joint Conference on Artificial Intelligence-2007/PDF/International Joint Conference on Artificial Intelligence07-132.pdf",
}

@conference{conf/nips/GuoS07,
  title =	"Discriminative Batch Mode Active Learning",
  author =	"Yuhong Guo and Dale Schuurmans",
  publisher =	"Curran Associates, Inc",
  year = 	"2007",
  bibdate =	"2009-01-20",
  bibsource =	"DBLP,
		 http://dblp.uni-trier.de/db/conf/nips/nips2007.html#GuoS07",
  booktitle =	"Neural Information Processing Systems",
  \crossref =	"conf/nips/2007",
  \editor =	"John C. Platt and Daphne Koller and Yoram Singer and
		 Sam T. Roweis",
  \URL =  	"http://books.nips.cc/papers/files/nips20/Neural Information Processing Systems2007_0922.pdf",
}

@conference{journals/jmlr/GuyonCDL11,
  title =	"Results of the Active Learning Challenge",
  author =	"Isabelle Guyon and Gavin C. Cawley and Gideon Dror and
		 Vincent Lemaire",
  bibdate =	"2013-11-25",
  \bibsource =	"DBLP,
		 http://dblp.uni-trier.de/db/journals/jmlr/jmlrp16.html#GuyonCDL11",
  booktitle =	"Active Learning and Experimental Design",
  \booktitle =	"Active Learning and Experimental Design workshop, In
		 conjunction with {AISTATS} 2010, Sardinia, Italy, May
		 16, 2010",
  publisher =	"Journal of Machine Learning Research.org",
  year = 	"2011",
  volume =	"16",
  \editor =	"Isabelle Guyon and Gavin C. Cawley and Gideon Dror and
		 Vincent Lemaire and Alexander R. Statnikov",
  pages =	"19--45",
  \series =	"Journal of Machine Learning Research Proceedings",
  \URL =  	"http://jmlr.org/proceedings/papers/v16/",
}

@conference{conf/ecml/KubatHM97,
  title =	"Learning When Negative Examples Abound",
  author =	"Miroslav Kubat and Robert C. Holte and Stan Matwin",
  bibdate =	"2009-10-15",
  bibsource =	"DBLP,
		 http://dblp.uni-trier.de/db/conf/ecml/ecml97.html#KubatHM97",
  booktitle =	"ECML",
  booktitle =	"Machine Learning: {ECML}-97, 9th European Conference
		 on Machine Learning, Prague, Czech Republic, April
		 23-25, 1997, Proceedings",
  publisher =	"Springer",
  year = 	"1997",
  volume =	"1224",
  \editor =	"Maarten van Someren and Gerhard Widmer",
  ISBN = 	"3-540-62858-4",
  pages =	"146--153",
  series =	"Lecture Notes in Computer Science",
  \URL =  	"http://dx.doi.org/10.1007/3-540-62858-4_79",
}

@Article{journals/sigir/Lewis95a,
  title =	"A Sequential Algorithm for Training Text Classifiers:
		 Corrigendum and Additional Data",
  author =	"David D. Lewis",
  journal =	"Special Interest Group on Information Retrieval Forum",
  year = 	"1995",
  number =	"2",
  volume =	"29",
  bibdate =	"2012-09-19",
  bibsource =	"DBLP,
		 http://dblp.uni-trier.de/db/journals/sigir/sigir29.html#Lewis95a",
  cdrom =	"forum/29-2/P013.pdf",
  pages =	"13--19",
  \URL =  	"http://doi.acm.org/10.1145/219587.219592",
}

@Article{journals/tit/Lin91,
  title =	"Divergence measures based on the Shannon entropy",
  author =	"Jianhua Lin",
  journal =	"IEEE Transactions on Information Theory",
  year = 	"1991",
  number =	"1",
  volume =	"37",
  bibdate =	"2011-10-31",
  bibsource =	"DBLP,
		 http://dblp.uni-trier.de/db/journals/tit/tit37.html#Lin91",
  pages =	"145--151",
  \URL =  	"http://dx.doi.org/10.1109/18.61115",
}

@conference{conf/icml/McCallumN98,
  title =	"Employing {EM} and Pool-Based Active Learning for Text
		 Classification",
  author =	"Andrew McCallum and Kamal Nigam",
  bibdate =	"2002-12-04",
  bibsource =	"DBLP,
		 http://dblp.uni-trier.de/db/conf/icml/icml1998.html#McCallumN98",
  booktitle =	"International Conference
on Machine Learning",
  booktitle =	"Proceedings of the Fifteenth International Conference
		 on Machine Learning ({International Conference
on Machine Learning} 1998), Madison, Wisconsin,
		 {USA}, July 24-27, 1998",
  publisher =	"Morgan Kaufmann",
  year = 	"1998",
  \editor =	"Jude W. Shavlik",
  ISBN = 	"1-55860-556-8",
  pages =	"350--358",
}

@Book{books/daglib/0087929,
  title =	"Machine learning",
  author =	"Tom M. Mitchell",
  publisher =	"McGraw-Hill",
  year = 	"1997",
  bibdate =	"2011-02-03",
  ISBN = 	"978-0-07-042807-2",
  pages =	"I--XVII, 1--414",
  series =	"McGraw Hill Series in Computer Science",
}

@Book{books/mk/Quinlan93,
  title =	"{C4}.5: Programs for Machine Learning",
  author =	"J. Ross Quinlan",
  publisher =	"Morgan Kaufmann",
  year = 	"1993",
  bibdate =	"2002-01-03",
  ISBN = 	"1-55860-238-0",
}

@Article{journals/jmlr/RaghavanMJ06,
  title =	"Active Learning with Feedback on Features and
		 Instances",
  author =	"Hema Raghavan and Omid Madani and Rosie Jones",
  journal =	"Journal of Machine Learning Research",
  year = 	"2006",
  volume =	"7",
  bibdate =	"2007-02-21",
  bibsource =	"DBLP,
		 http://dblp.uni-trier.de/db/journals/jmlr/jmlr7.html#RaghavanMJ06",
  pages =	"1655--1686",
  \URL =  	"http://www.jmlr.org/papers/v7/raghavan06a.html",
}

@Article{journals/tit/RitterWLI75,
  title =	"An algorithm for a selective nearest neighbor decision
		 rule (Corresp.)",
  author =	"G. L. Ritter and Hugh B. Woodruff and Stephen R. Lowry
		 and Thomas L. Isenhour",
  journal =	"IEEE Transactions on Information Theory",
  year = 	"1975",
  number =	"6",
  volume =	"21",
  bibdate =	"2013-09-12",
  bibsource =	"DBLP,
		 http://dblp.uni-trier.de/db/journals/tit/tit21.html#RitterWLI75",
  pages =	"665--669",
  \URL =  	"http://dx.doi.org/10.1109/TIT.1975.1055464",
}

@article{robertson1959sampling,
  title={The sampling variance of the genetic correlation coefficient},
  author={Robertson, Alan},
  journal={Biometrics},
  volume={15},
  number={3},
  pages={469--485},
  year={1959},
  publisher={JSTOR}
}

@conference{conf/icml/RoyM01,
  title =	"Toward Optimal Active Learning through Sampling
		 Estimation of Error Reduction",
  author =	"Nicholas Roy and Andrew McCallum",
  bibdate =	"2002-11-27",
  bibsource =	"DBLP,
		 http://dblp.uni-trier.de/db/conf/icml/icml2001.html#RoyM01",
  booktitle =	"International Conference
on Machine Learning",
  booktitle =	"Proceedings of the Eighteenth International Conference
		 on Machine Learning ({International Conference
on Machine Learning} 2001), Williams College,
		 Williamstown, {MA}, {USA}, June 28 - July 1, 2001",
  publisher =	"Morgan Kaufmann",
  year = 	"2001",
  \editor =	"Carla E. Brodley and Andrea Pohoreckyj Danyluk",
  ISBN = 	"1-55860-778-1",
  pages =	"441--448",
}

@Article{journals/ml/ScheinU07,
  title =	"Active learning for logistic regression: an
		 evaluation",
  author =	"Andrew I. Schein and Lyle H. Ungar",
  journal =	"Machine Learning",
  year = 	"2007",
  number =	"3",
  volume =	"68",
  bibdate =	"2007-09-18",
  bibsource =	"DBLP,
		 http://dblp.uni-trier.de/db/journals/ml/ml68.html#ScheinU07",
  pages =	"235--265",
  \URL =  	"http://dx.doi.org/10.1007/s10994-007-5019-5",
}

@conference{conf/nips/SettlesCR07,
  title =	"Multiple-Instance Active Learning",
  author =	"Burr Settles and Mark Craven and Soumya Ray",
  publisher =	"Curran Associates, Inc",
  year = 	"2007",
  bibdate =	"2009-01-20",
  bibsource =	"DBLP,
		 http://dblp.uni-trier.de/db/conf/nips/nips2007.html#SettlesCR07",
  booktitle =	"Neural Information Processing Systems",
  \crossref =	"conf/nips/2007",
  \editor =	"John C. Platt and Daphne Koller and Yoram Singer and
		 Sam T. Roweis",
  \URL =  	"http://books.nips.cc/papers/files/nips20/Neural Information Processing Systems2007_1072.pdf",
}

@phdthesis{settles2008curious,
  title={Curious machines: active learning with structured instances},
  author={Settles, Burr},
  year={2008},
  publisher={ProQuest},
  school="University of Madison Wisconsin"
}

@Book{series/synthesis/2012Settles,
  title =	"Active Learning",
  author =	"Burr Settles",
  publisher =	"Morgan \& Claypool",
  year = 	"2012",
  bibdate =	"2012-11-02",
  booktitle =	"Active Learning",
  series =	"Synthesis Lectures on Artificial Intelligence and
		 Machine Learning",
  \URL =  	"http://dx.doi.org/10.2200/S00429ED1V01Y201207AIM018;
		 http://dx.doi.org/10.2200/S00429ED1V01Y201207AIM018",
}

@conference{conf/emnlp/SettlesC08,
  title =	"An Analysis of Active Learning Strategies for Sequence
		 Labeling Tasks",
  author =	"Burr Settles and Mark Craven",
  publisher =	"ACL",
  year = 	"2008",
  bibdate =	"2009-04-16",
  bibsource =	"DBLP,
		 http://dblp.uni-trier.de/db/conf/emnlp/emnlp2008.html#SettlesC08",
  booktitle =	"Proceedings of the Conference on Empirical Methods on Natural Language Processing",
  \crossref =	"conf/emnlp/2008",
  pages =	"1070--1079",
  \URL =  	"http://www.aclweb.org/anthology/D08-1112",
}

@article{shannon1949communication,
  title={Communication Theory of Secrecy Systems},
  author={Shannon, Claude E},
  journal={Bell System Technical Journal},
  volume={28},
  number={4},
  pages={656--715},
  year={1949},
  publisher={Wiley Online Library}
}

@conference{conf/ecml/Lewis98,
  title =	"Naive (Bayes) at Forty: The Independence Assumption in
		 Information Retrieval",
  author =	"David D. Lewis",
  bibdate =	"2009-10-15",
  bibsource =	"DBLP,
		 http://dblp.uni-trier.de/db/conf/ecml/ecml98.html#Lewis98",
  booktitle =	"10th European Conference
		 on Machine Learning",
  \booktitle =	"Machine Learning: {ECML}-98, 10th European Conference
		 on Machine Learning, Chemnitz, Germany, April 21-23,
		 1998, Proceedings",
  publisher =	"Springer",
  year = 	"1998",
  volume =	"1398",
  \editor =	"Claire Nedellec and C{\'e}line Rouveirol",
  ISBN = 	"3-540-64417-2",
  pages =	"4--15",
  series =	"Lecture Notes in Computer Science",
  \URL =  	"http://dx.doi.org/10.1007/BFb0026666",
}

@conference{conf/kdd/AttenbergP10,
  title =	"Why label when you can search?: alternatives to active
		 learning for applying human resources to build
		 classification models under extreme class imbalance",
  author =	"Josh Attenberg and Foster J. Provost",
  bibdate =	"2010-08-09",
  bibsource =	"DBLP,
		 http://dblp.uni-trier.de/db/conf/kdd/kdd2010.html#AttenbergP10",
  \booktitle =	"KDD Washington, {DC}, {USA}, July 25-28, 2010",
  booktitle =	"Proceedings of the 16th International
		 Conference on Knowledge Discovery and Data Mining",
		 
  publisher =	"ACM",
  year = 	"2010",
  \editor =	"Bharat Rao and Balaji Krishnapuram and Andrew Tomkins
		 and Qiang Yang 0001",
  ISBN = 	"978-1-4503-0055-1",
  pages =	"423--432",
  \URL =  	"http://doi.acm.org/10.1145/1835804.1835859",
}

@conference{conf/icml/MelvilleM04,
  title =	"Diverse ensembles for active learning",
  author =	"Prem Melville and Raymond J. Mooney",
  bibdate =	"2006-02-13",
  bibsource =	"DBLP,
		 http://dblp.uni-trier.de/db/conf/icml/icml2004.html#MelvilleM04",
  booktitle =	"International Conference
on Machine Learning",
  booktitle =	"Machine Learning, Proceedings of the Twenty-first
		 International Conference ({International Conference
on Machine Learning} 2004), Banff, Alberta,
		 Canada, July 4-8, 2004",
  publisher =	"ACM",
  year = 	"2004",
  volume =	"69",
  \editor =	"Carla E. Brodley",
  series =	"ACM International Conference Proceeding Series",
  \URL=  	"http://doi.acm.org/10.1145/1015330.1015385",
}

@Article{journals/tsmc/HuangZDZ12,
  title =	"Extreme Learning Machine for Regression and Multiclass
		 Classification",
  author =	"Guang-Bin Huang and Hongming Zhou and Xiaojian Ding
		 and Rui Zhang",
  journal =	"IEEE Transactions on Systems, Man, and Cybernetics,
		 Part B",
  year = 	"2012",
  number =	"2",
  volume =	"42",
  bibdate =	"2012-03-21",
  bibsource =	"DBLP,
		 http://dblp.uni-trier.de/db/journals/tsmc/tsmcb42.html#HuangZDZ12",
  pages =	"513--529",
  \URL =  	"http://dx.doi.org/10.1109/TSMCB.2011.2168604",
}

@Article{journals/ki/Scheffer99a,
  title =	"Error Estimation and Model Selection",
  author =	"Tobias Scheffer",
  journal =	"KI",
  year = 	"1999",
  number =	"3",
  volume =	"13",
  bibdate =	"2002-01-03",
  bibsource =	"DBLP,
		 http://dblp.uni-trier.de/db/journals/ki/ki13.html#Scheffer99a",
  pages =	"46--48",
}

@Book{Harris:2007:DDC,
  author =	"David Money Harris and Sarah L. Harris",
  title =	"Digital design and computer architecture",
  publisher =	"Morgan Kaufmann Publishers",
  address =	"pub-MORGAN-KAUFMANN:adr",
  pages =	"xxii + 569",
  year = 	"2007",
  ISBN = 	"0-12-370497-9",
  isbn-13 =	"978-0-12-370497-9",
  LCCN = 	"TK7868.D5 H34 2007",
  bibdate =	"Mon Oct 26 09:53:53 MDT 2009",
  bibsource =	"http://www.math.utah.edu/pub/tex/bib/master.bib;
		 z3950.loc.gov:7090/Voyager",
  \URL =  	"http://www.loc.gov/catdir/enhancements/fy0703/2006030554-d.html;
		 http://www.loc.gov/catdir/toc/ecip071/2006030554.html",
  acknowledgement = "Nelson H. F. Beebe, University of Utah, Department
		 of Mathematics, 110 LCB, 155 S 1400 E RM 233, Salt Lake
		 City, UT 84112-0090, USA, Tel: +1 801 581 5254, FAX: +1
		 801 581 4148, e-mail: \path|beebe@math.utah.edu|,
		 \path|beebe@acm.org|, \path|beebe@computer.org|
		 (Internet), URL:
		 \path|http://www.math.utah.edu/~beebe/|",
  libnote =	"Not in my library.",
  subject =	"Digital electronics; Logic design; Computer
		 architecture",
}

@article{journals/jbcs/PisaniL13,
author = {Pisani, Paulo Henrique and Lorena, Ana Carolina},
journal = {J. Braz. Comp. Soc},
number = {4},
pages = {573--587},
title = {{A systematic review on keystroke dynamics}},
url = {http://dx.doi.org/10.1007/s13173-013-0117-7},
volume = {19},
year = {2013}
}
@article{Kitchenham2007,
author = {Kitchenham, Barbara and Charters, S},
doi = {10.1145/1134285.1134500},
file = {:home/davi/mendeley/2007/Engineering/Kitchenham, Charters/Kitchenham, Charters - 2007 - Guidelines for performing Systematic Literature Reviews in Software Engineering.pdf:pdf},
isbn = {1595933751},
issn = {00010782},
journal = {Engineering},
pages = {1051},
title = {{Guidelines for performing Systematic Literature Reviews in Software Engineering}},
volume = {2},
year = {2007}
}
@misc{Adomavicius2005,
archivePrefix = {arXiv},
arxivId = {3},
author = {Adomavicius, Gediminas and Tuzhilin, Alexander},
booktitle = {IEEE Transactions on Knowledge and Data Engineering},
eprint = {3},
keywords = {Collaborative filtering,Extensions to recommander systems,Rating estimation methods,Recommander systems},
number = {6},
pages = {734--749},
pmid = {1423975},
title = {{Toward the next generation of recommender systems: A survey of the state-of-the-art and possible extensions}},
volume = {17},
year = {2005}
}
@book{Bishop2006,
archivePrefix = {arXiv},
arxivId = {0-387-31073-8},
author = {Bishop, Christopher M},
booktitle = {Pattern Recognition},
doi = {10.1117/1.2819119},
eprint = {0-387-31073-8},
isbn = {9780387310732},
issn = {10179909},
pages = {738},
pmid = {8943268},
title = {{Pattern Recognition and Machine Learning}},
url = {http://www.library.wisc.edu/selectedtocs/bg0137.pdf},
volume = {4},
year = {2006}
}

@article{michael2006s,
  title={Where's the evidence that active learning works?},
  author={Michael, J.},
  journal={Advances in Physiology Education},
  volume={30},
  number={4},
  pages={159--167},
  year={2006},
  publisher={Am Physiological Soc}
}

@conference{forman2012programmer,
  author={George Forman},
  title={Programmer's Active Learning: A Broader Perspective of Choices for Real-World Classification Tasks that Matter},
  booktitle={Proceedings of the Active Learning in Real-world Applications},
  \asdasd = "Workshop ECML-PKDD 2012, Friday, September 28, 2012, Bristol, UK",
  publisher="Springer",
  year = 2012
}

@book{krishnapuram2011cost,
  title={Cost-sensitive machine learning},
  author={Krishnapuram, Balaji and Yu, Shipeng and Rao, R Bharat},
  year={2011},
  publisher={CRC Press, Inc.}
}

@Article{journals/cacm/Valiant84,
  title =       "A Theory of the Learnable",
  author =      "Leslie G. Valiant",
  journal =     "Communications of the ACM",
  year =        "1984",
  number =      "11",
  volume =      "27",
  bibdate =     "2011-06-07",
  bibsource =   "DBLP,
                 http://dblp.uni-trier.de/db/journals/cacm/cacm27.html#Valiant84",
  pages =       "1134--1142",
  \URL =         "http://doi.acm.org/10.1145/1968.1972",
}

@Article{journals/etai/BryantMOKRK01,
  title =       "Combining Inductive Logic Programming, Active Learning
                 and Robotics to Discover the Function of Genes",
  author =      "Christopher H. Bryant and Stephen Muggleton and
                 Stephen G. Oliver and Douglas B. Kell and Philip G. K.
                 Reiser and Ross D. King",
  journal =     "Electronic Transactions on Artificial Intelligence",
  year =        "2001",
  number =      "B",
  volume =      "5",
  bibdate =     "2004-05-05",
  bibsource =   "DBLP,
                 http://dblp.uni-trier.de/db/journals/etai/etai5.html#BryantMOKRK01",
  pages =       "1--36",
  \URL =         "http://www.ep.liu.se/ej/etai/2001/001/",
}

@article{haykin2004comprehensive,
  title={A comprehensive foundation},
  author={Haykin, Simon and Network, Neural},
  journal={Neural Networks},
  volume={2},
  number={2004},
  year={2004}
}

@conference{conf/esann/FrenayV10,
  title =       "Using {SVM}s with randomised feature spaces: an
                 extreme learning approach",
  author =      "Beno{\^i}t Fr{\'e}nay and Michel Verleysen",
  year =        "2010",
  bibdate =     "2012-02-01",
  bibsource =   "DBLP,
                 http://dblp.uni-trier.de/db/conf/esann/esann2010.html#FrenayV10",
  booktitle =   "ESANN",
  /crossref =   "conf/esann/2010",
  /URL =        "http://www.dice.ucl.ac.be/esann/proceedings/papers.php?ann=2010",
}

@Book{books/daglib/0097035,
  title =       "Statistical learning theory",
  author =      "Vladimir Vapnik",
  publisher =   "Wiley",
  year =        "1998",
  bibdate =     "2011-04-21",
  ISBN =        "978-0-471-03003-4",
  pages =       "I--XXIV, 1--736",
}

@Article{journals/jcss/BalcanBL09,
  title =       "Agnostic active learning",
  author =      "Maria-Florina Balcan and Alina Beygelzimer and John
                 Langford",
  journal =     "Journal of Computing Systems and Sciences",
  year =        "2009",
  number =      "1",
  volume =      "75",
  bibdate =     "2009-05-05",
  bibsource =   "DBLP,
                 http://dblp.uni-trier.de/db/journals/jcss/jcss75.html#BalcanBL09",
  pages =       "78--89",
  \URL=         "http://dx.doi.org/10.1016/j.jcss.2008.07.003",
}

@conference{conf/pkdd/Shah11,
  title =       "Generalized Agreement Statistics over Fixed Group of
                 Experts",
  author =      "Mohak Shah",
  bibdate =     "2011-08-22",
  bibsource =   "DBLP,
                 http://dblp.uni-trier.de/db/conf/pkdd/pkdd2011-3.html#Shah11",
  \booktitle =   "ECML/PKDD (3)- European Conference, {ECML} {PKDD} 2011, Athens,
                 Greece, September 5-9, 2011, Proceedings, Part {III}",
  booktitle =   "Machine Learning and Knowledge Discovery in Databases",                 
  publisher =   "Springer",
  year =        "2011",
  volume =      "6913",
  \editor =      "Dimitrios Gunopulos and Thomas Hofmann and Donato
                 Malerba and Michalis Vazirgiannis",
  ISBN =        "978-3-642-23807-9",
  pages =       "191--206",
  series =      "Lecture Notes in Computer Science",
  \URL =         "http://dx.doi.org/10.1007/978-3-642-23808-6",
}

@Article{journals/bmcbi/MassoV10,
  title =       "Accurate and efficient gp120 {V3} loop structure based
                 models for the determination of {HIV}-1 co-receptor
                 usage",
  author =      "Majid Masso and Iosif I. Vaisman",
  journal =     "BioMed Central Bioinformatics",
  year =        "2010",
  volume =      "11",
  bibdate =     "2010-11-17",
  bibsource =   "DBLP,
                 http://dblp.uni-trier.de/db/journals/bmcbi/bmcbi11.html#MassoV10",
  pages =       "494",
  \URL=         "http://dx.doi.org/10.1186/1471-2105-11-494",
}

@Article{journals/sigkdd/HallFHPRW09,
  title =       "The {WEKA} data mining software: an update",
  author =      "Mark A. Hall and Eibe Frank and Geoffrey Holmes and
                 Bernhard Pfahringer and Peter Reutemann and Ian H.
                 Witten",
  journal =     "Special Interest Group on Knowledge Discovery and Data Mining Explorations",
  year =        "2009",
  number =      "1",
  volume =      "11",
  bibdate =     "2014-09-10",
  bibsource =   "DBLP,
                 http://dblp.uni-trier.de/db/journals/sigkdd/sigkdd11.html#HallFHPRW09",
  pages =       "10--18",
  \URL=         "http://doi.acm.org/10.1145/1656274.1656278",
}

@article{settles2010active,
  title={Active learning literature survey},
  author={Settles, Burr},
  journal={University of Wisconsin, Madison},
  volume={52},
  pages={55--66},
  year={2010}
}

@conference{conf/icdm/OsugiKS05,
  title =       "Balancing Exploration and Exploitation: {A} New Algorithm for Active Machine Learning",
  author =      "Thomas Takeo Osugi and Kun Deng and Stephen D. Scott",
  publisher =   "IEEE Computer Society",
  year =        "2005",
  bibdate =     "2014-09-17",
  bibsource =   "DBLP,
                 http://dblp.uni-trier.de/db/conf/icdm/icdm2005.html#OsugiKS05",
  booktitle =   "International Conference on Data Mining",
  \crossref =    "conf/icdm/2005",
  ISBN =        "0-7695-2278-5",
  pages =       "330--337",
  \URL =         "http://ieeexplore.ieee.org/xpl/mostRecentIssue.jsp?punumber=10470;
                 http://www.computer.org/csdl/proceedings/icdm/2005/2278/00/index.html",
}

@Article{journals/jmlr/TongK01,
  title =       "Support Vector Machine Active Learning with
                 Applications to Text Classification",
  author =      "Simon Tong and Daphne Koller",
  journal =     "Journal of Machine Learning Research",
  year =        "2001",
  volume =      "2",
  bibdate =     "2002-01-03",
  bibsource =   "DBLP,
                 http://dblp.uni-trier.de/db/journals/jmlr/jmlr2.html#TongK01",
  pages =       "45--66",
  \URL=         "http://www.ai.mit.edu/projects/jmlr/papers/volume2/tong01a/abstract.html",
}

@Article{journals/jmlr/BaramEL04,
  title =       "Online Choice of Active Learning Algorithms",
  author =      "Yoram Baram and Ran El-Yaniv and Kobi Luz",
  journal =     "Journal of Machine Learning Research",
  year =        "2004",
  volume =      "5",
  bibdate =     "2013-04-16",
  bibsource =   "DBLP,
                 http://dblp.uni-trier.de/db/journals/jmlr/jmlr5.html#BaramEL04",
  pages =       "255--291",
  \URL =         "http://www.ai.mit.edu/projects/jmlr/papers/volume5/baram04a/baram04a.pdf",
}

@Article{journals/bioinformatics/LewinSA0P04,
  title =       "Quantitative {DNA} methylation analysis based on
                 four-dye trace data from direct sequencing of {PCR}
                 amplificates",
  author =      "J{\"o}rn Lewin and Armin O. Schmitt and P{\'e}ter
                 Adorj{\'a}n and Thomas Hildmann 0002 and Christian
                 Piepenbrock",
  journal =     "Bioinformatics",
  year =        "2004",
  number =      "17",
  volume =      "20",
  bibdate =     "2005-01-14",
  bibsource =   "DBLP,
                 http://dblp.uni-trier.de/db/journals/bioinformatics/bioinformatics20.html#LewinSA0P04",
  pages =       "3005--3012",
  \URL=         "http://dx.doi.org/10.1093/bioinformatics/bth346",
}

@book{chong2013introduction,
  title={An introduction to optimization},
  author={Chong, Edwin KP and Zak, Stanislaw H},
  volume={76},
  year={2013},
  publisher={John Wiley \& Sons}
}

@book{rao1971generalized,
  title={Generalized inverse of matrices and its applications},
  author={Rao, Calyampudi Radhakrishna and Mitra, Sujit Kumar},
  volume={7},
  year={1971},
  publisher={Wiley New York}
}

@book{kreyszig2007advanced,
  title={Advanced engineering mathematics},
  author={Kreyszig, Erwin},
  year={2007},
  publisher={John Wiley \& Sons}
}

@conference{conf/iastedCI/HuangLRSS05,
  title =       "On-Line Sequential Extreme Learning Machine",
  author =      "Guang-Bin Huang and Nan-Ying Liang and Hai-Jun Rong
                 and Paramasivan Saratchandran and Narasimhan
                 Sundararajan",
  bibdate =     "2006-05-04",
  bibsource =   "DBLP,
                 http://dblp.uni-trier.de/db/conf/iastedCI/ci2005.html#HuangLRSS05",
  booktitle =   "Computational Intelligence",
  booktitle =   "{IASTED} International Conference on Computational
                 Intelligence, Calgary, Alberta, Canada, July 4-6,
                 2005",
  publisher =   "IASTED/ACTA Press",
  year =        "2005",
  \editor =      "M. H. Hamza",
  ISBN =        "0-88986-481-0",
  pages =       "232--237",
}

@conference{conf/ijcnn/SoutoPSACLS08,
  title =       "Ranking and selecting clustering algorithms using a
                 meta-learning approach",
  author =      "Marc{\'i}lio Carlos Pereira Souto and Ricardo
                 Bastos Cavalcante Prud{\^e}ncio and Rodrigo G. F.
                 Soares and Daniel S. A. de Araujo and Ivan G. Costa and
                 Teresa Bernarda Ludermir and Alexander Schliep",
  publisher =   "IEEE",
  year =        "2008",
  bibdate =     "2009-01-13",
  bibsource =   "DBLP,
                 http://dblp.uni-trier.de/db/conf/ijcnn/ijcnn2008.html#SoutoPSACLS08",
  booktitle =   "International Joint Conference on Neural Networks",
  \crossref =    "conf/ijcnn/2008",
  pages =       "3729--3735",
  \URL =         "http://dx.doi.org/10.1109/IJCNN.2008.4634333",
}

@phdthesis{rossi2014meta,
  title={Meta-aprendizado aplicado a fluxos cont{\'\i}nuos de dados},
  author={Rossi, Andre Lu{\'\i}s Debiaso},
  year={2014},
  school={Universidade de S{\~a}o Paulo}
}

@Article{journals/jmlr/PerlichPS03,
  title =       "Tree Induction vs. Logistic Regression: {A}
                 Learning-Curve Analysis",
  author =      "Claudia Perlich and Foster J. Provost and Jeffrey S.
                 Simonoff",
  journal =     "Journal of Machine Learning Research",
  year =        "2003",
  volume =      "4",
  bibdate =     "2004-02-05",
  bibsource =   "DBLP,
                 http://dblp.uni-trier.de/db/journals/jmlr/jmlr4.html#PerlichPS03",
  pages =       "211--255",
  \URL=         "http://www.jmlr.org/papers/v4/perlich03a.html",
}

@Article{journals/sigkdd/AttenbergP10,
  title =       "Inactive learning?: difficulties employing active
                 learning in practice",
  author =      "Josh Attenberg and Foster J. Provost",
  journal =     "Special Interest Group on Knowledge Discovery and Data Mining Explorations",
  year =        "2010",
  number =      "2",
  volume =      "12",
  bibdate =     "2011-04-20",
  bibsource =   "DBLP,
                 http://dblp.uni-trier.de/db/journals/sigkdd/sigkdd12.html#AttenbergP10",
  pages =       "36--41",
  \URL =         "http://doi.acm.org/10.1145/1964897.1964906",
}

@phdthesis{kalousis2002algorithm,
  title={Algorithm selection via meta-learning},
  author={Kalousis, Alexandros},
  year={2002},
  school={Universite de Geneve}
}

@conference{santos2014viabilidade,
  title={Viabilidade do Aprendizado Ativo em M{\'a}quinas Extremas},
  author={Davi P. Santos and Andr{\'e} C. P. L. F. Carvalho},
  booktitle={Brazilian Conference on Intelligent Systems and Encontro Nacional de Intelig√™ncia Artificial e Computacional},
  year =        "2014",
}

@conference{conf/hais/SantosC14,
  title =       "Comparison of Active Learning Strategies and Proposal
                 of a Multiclass Hypothesis Space Search",
  author =      "Davi P. Santos and Andr{\'e} Carlos Ponce Leon
                 Ferreira Carvalho",
  bibdate =     "2014-05-22",
  bibsource =   "DBLP,
                 http://dblp.uni-trier.de/db/conf/hais/hais2014.html#SantosC14",
  booktitle =   "Proceedings of the 9th International Conference on Hybrid Artificial Intelligence Systems",
  \booktitle =   "Hybrid Artificial Intelligence Systems - 9th
                 International Conference, {HAIS} 2014, Salamanca,
                 Spain, June 11-13, 2014. Proceedings",
  publisher =   "Springer",
  year =        "2014",
  volume =      "8480",
  \editor =      "Marios M. Polycarpou and Andr{\'e} Carlos Ponce Leon
                 Ferreira de Carvalho and Jeng-Shyang Pan and Michal
                 Wozniak and H{\'e}ctor Quinti{\'a}n and Emilio
                 Corchado",
  ISBN =        "978-3-319-07616-4",
  pages =       "618--629",
  series =      "Lecture Notes in Computer Science",
  \URL =         "http://dx.doi.org/10.1007/978-3-319-07617-1",
}

@article{doi/ml0,
      author        = "Davi P. Santos and Andr{\'e} Carlos Ponce Leon Ferreira Carvalho",
      journal = "GitHub Software Repository",
      title         = "{Wrappers for Weka for Scala}",
      month         = "Jan",
      year          = "2015",
      doi           = "{DOI:10.5281/zenodo.13735}",
      url           = "{URL:http://dx.doi.org/10.5281/zenodo.13735}",
}

@article{doi/al0,
      author        = "Davi P. Santos and Andr{\'e} Carlos Ponce Leon Ferreira Carvalho",
      journal = "GitHub Software Repository",
      title         = "{An Active Learning Library for Scala}",
      month         = "Jan",
      year          = "2015",
      doi           = "{DOI:10.5281/zenodo.13733}",
      url           = "{URL:http://dx.doi.org/10.5281/zenodo.13733}",
}

@article{doi/elm0,
      author        = "Davi P. Santos and Andr{\'e} Carlos Ponce Leon Ferreira Carvalho",
      journal = "GitHub Software Repository",
      title         = "{ELM implementation in Scala using MTJ/netlib-java/BLAS/LAPACK}",
      month         = "Jan",
      year          = "2015",
      doi           = "{DOI:10.5281/zenodo.13734}",
      url           = "{URL:http://dx.doi.org/10.5281/zenodo.13734}",
}

@article{doi/ucipp0,
      author        = "Luis Paulo Faina Garcia",
      journal = "GitHub Software Repository",
      title         = "{A huge collection of preprocessed ARFF datasets for supervised classification problems}",
      month         = "Jan",
      year          = "2015",
      doi           = "{DOI:10.5281/zenodo.13748}",
      url           = "{URL:http://dx.doi.org/10.5281/zenodo.13748}",
}

@article{doi/ml,
      author        = "Davi P. Santos and Andr{\'e} Carlos Ponce Leon Ferreira Carvalho",
      journal = "GitHub Software Repository",
      title         = "{Wrappers for Weka for Scala}",
      month         = "Jan",
      year          = "2015",
      note           = "{DOI:10.5281/zenodo.13735. URL:http://dx.doi.org/10.5281/zenodo.13735}",
}

@article{doi/al,
      author        = "Davi P. Santos and Andr{\'e} Carlos Ponce Leon Ferreira Carvalho",
      journal = "GitHub Software Repository",
      title         = "{An Active Learning Library for Scala}",
      month         = "Jan",
      year          = "2015",
      note           = "{DOI:10.5281/zenodo.13733. URL:http://dx.doi.org/10.5281/zenodo.13733}",
}

@article{doi/elm,
      author        = "Davi P. Santos and Andr{\'e} Carlos Ponce Leon Ferreira Carvalho",
      journal = "GitHub Software Repository",
      title         = "{ELM implementation in Scala using MTJ/netlib-java/BLAS/LAPACK}",
      month         = "Jan",
      year          = "2015",
      note           = "{DOI:10.5281/zenodo.13734. URL:http://dx.doi.org/10.5281/zenodo.13734}",
}

@article{doi/ucipp,
      author        = "Luis Paulo Faina Garcia",
      journal = "GitHub Software Repository",
      title         = "{A huge collection of preprocessed ARFF datasets for supervised classification problems}",
      month         = "Jan",
      year          = "2015",
      note           = "{DOI:10.5281/zenodo.13748. URL:http://dx.doi.org/10.5281/zenodo.13748}",
}

@article{hearst1998support,
  title={Support vector machines},
  author={Hearst, Marti A. and Dumais, ST and Osman, E and Platt, John and Scholkopf, Bernhard},
  journal={Intelligent Systems and their Applications, IEEE},
  volume={13},
  number={4},
  pages={18--28},
  year={1998},
  publisher={IEEE}
}

@conference{conf/isnn/HoangHVW07,
  title =       "A Robust Online Sequential Extreme Learning Machine",
  author =      "Minh-Tuan T. Hoang and Hieu Trung Huynh and Nguyen H.
                 Vo and Yonggwan Won",
  bibdate =     "2007-08-28",
  bibsource =   "DBLP,
                 http://dblp.uni-trier.de/db/conf/isnn/isnn2007-1.html#HoangHVW07",
  booktitle =   "ISNN",
  \booktitle =  "Advances in Neural Networks - {ISNN} 2007, 4th
                 International Symposium on Neural Networks, {ISNN}
                 2007, Nanjing, China, June 3-7, 2007, Proceedings, Part
                 {I}",
  \booktitle = "International Symposium on Neural Networks",
  publisher =   "Springer",
  year =        "2007",
  volume =      "4491",
  \editor =     "Derong Liu and Shumin Fei and Zeng-Guang Hou and
                 Huaguang Zhang and Changyin Sun",
  ISBN =        "978-3-540-72382-0",
  pages =       "1077--1086",
  series =      "Lecture Notes in Computer Science",
  \URL =        "http://dx.doi.org/10.1007/978-3-540-72383-7_126",
}

@Article{journals/ijon/HuangC07,
  title =       "Convex incremental extreme learning machine",
  author =      "Guang-Bin Huang and Lei Chen",
  journal =     "Neurocomputing",
  year =        "2007",
  number =      "16-18",
  volume =      "70",
  bibdate =     "2014-11-02",
  bibsource =   "DBLP,
                 http://dblp.uni-trier.de/db/journals/ijon/ijon70.html#HuangC07",
  pages =       "3056--3062",
  \URL =         "http://dx.doi.org/10.1016/j.neucom.2007.02.009",
}

@Article{journals/tnn/HuangCS06,
  title =       "Universal approximation using incremental constructive
                 feedforward networks with random hidden nodes",
  author =      "Guang-Bin Huang and Lei Chen and Chee Kheong
                 Siew",
  journal =     "IEEE Transactions on Neural Networks",
  year =        "2006",
  number =      "4",
  volume =      "17",
  bibdate =     "2014-11-02",
  bibsource =   "DBLP,
                 http://dblp.uni-trier.de/db/journals/tnn/tnn17.html#HuangCS06",
  pages =       "879--892",
  \URL =         "http://doi.ieeecomputersociety.org/10.1109/TNN.2006.875977",
}

@conference{conf/acivs/DemirkesenC08,
  title =       "A Comparison of Multiclass {SVM} Methods for Real
                 World Natural Scenes",
  author =      "Can Demirkesen and Hocine Cherifi",
  bibdate =     "2008-10-22",
  bibsource =   "DBLP,
                 http://dblp.uni-trier.de/db/conf/acivs/acivs2008.html#DemirkesenC08",
  booktitle =   "Advanced Concepts for Intelligent Vision systems",
  \booktitle =   "Advanced Concepts for Intelligent Vision Systems, 10th
                 International Conference, {ACIVS} 2008, Juan-les-Pins,
                 France, October 20-24, 2008. Proceedings",
  publisher =   "Springer",
  year =        "2008",
  volume =      "5259",
  \editor =      "Jacques Blanc-Talon and Salah Bourennane and Wilfried
                 Philips and Dan C. Popescu and Paul Scheunders",
  ISBN =        "978-3-540-88457-6",
  pages =       "752--763",
  series =      "Lecture Notes in Computer Science",
  \URL =         "http://dx.doi.org/10.1007/978-3-540-88458-3_68",
}

@Article{journals/coling/EugenioG04,
  title =       "The Kappa Statistic: {A} Second Look",
  author =      "Barbara Di Eugenio and Michael Glass",
  journal =     "Computational Linguistics",
  year =        "2004",
  number =      "1",
  volume =      "30",
  bibdate =     "2006-07-25",
  bibsource =   "DBLP,
                 http://dblp.uni-trier.de/db/journals/coling/coling30.html#EugenioG04",
  pages =       "95--101",
  \URL=         "http://dx.doi.org/10.1162/089120104773633402",
}

@conference{conf/amcis/Nah03,
  title =       "A Study on Tolerable Waiting Time: How Long Are Web
                 Users Willing to Wait?",
  author =      "Fiona Fui-Hoon Nah",
  publisher =   "Association for Information Systems",
  year =        "2003",
  bibdate =     "2012-01-09",
  bibsource =   "DBLP, http://dblp.uni-trier.de/db/conf/amcis/amcis2003.html\#Nah03",
  booktitle =   " Americas Conference on Information Systems",
  \crossref =    "conf/amcis/2003",
  pages =       "285",
  \URL =         "http://aisel.aisnet.org/amcis2003/",
}

@article{myers2000classical,
  title={Classical and modern regression with applications (Duxbury Classic)},
  author={Myers, Raymond H},
  journal={Duxbury Press, Pacific Grove},
  year={2000}
}

@Article{journals/ijon/HeeswijkMOL11,
  title =       "{GPU}-accelerated and parallelized {ELM} ensembles for large-scale regression",
  author =      "Mark Heeswijk and Yoan Miche and Erkki Oja and Amaury Lendasse",
  journal =     "Neurocomputing",
  year =        "2011",
  number =      "16",
  volume =      "74",
  bibdate =     "2011-08-29",
  bibsource =   "DBLP,
                 http://dblp.uni-trier.de/db/journals/ijon/ijon74.html#HeeswijkMOL11",
  pages =       "2430--2437",
  \URL=         "http://dx.doi.org/10.1016/j.neucom.2010.11.034",
}

@conference{conf/ijcnn/SalperwyckL11,
  title =       "Learning with few examples: An empirical study on
                 leading classifiers",
  author =      "Christophe Salperwyck and Vincent Lemaire",
  publisher =   "IEEE",
  year =        "2011",
  bibdate =     "2012-04-23",
  bibsource =   "DBLP,
                 http://dblp.uni-trier.de/db/conf/ijcnn/ijcnn2011.html#SalperwyckL11",
  booktitle =   "International Joint Conference on Neural Networks",
  \crossref =    "conf/ijcnn/2011",
  ISBN =        "978-1-4244-9635-8",
  pages =       "1010--1019",
  \URL =         "http://ieeexplore.ieee.org/xpl/mostRecentIssue.jsp?punumber=6022827",
}

@article{wolpert1996lack,
  title={The lack of a priori distinctions between learning algorithms},
  author={Wolpert, David H},
  journal={Neural computation},
  volume={8},
  number={7},
  pages={1341--1390},
  year={1996},
  publisher={MIT Press}
}

@conference{conf/icml/KahaviW96,
  title =       "Bias Plus Variance Decomposition for Zero-One Loss
                 Functions",
  author =      "Ron Kohavi and David Wolpert",
  bibdate =     "2011-12-23",
  bibsource =   "DBLP,
                 http://dblp.uni-trier.de/db/conf/icml/icml1996.html#KahaviW96",
  booktitle =   "International Conference
on Machine Learning",
  booktitle =   "Machine Learning, Proceedings of the Thirteenth
                 International Conference ({International Conference
on Machine Learning} '96), Bari, Italy,
                 July 3-6, 1996",
  publisher =   "Morgan Kaufmann",
  year =        "1996",
  \editor =      "Lorenza Saitta",
  ISBN =        "1-55860-419-7",
  pages =       "275--283",
}

@conference{conf/icml/Schaffer94,
  title =       "A Conservation Law for Generalization Performance",
  author =      "Cullen Schaffer",
  bibdate =     "2011-12-23",
  bibsource =   "DBLP,
                 http://dblp.uni-trier.de/db/conf/icml/icml1994.html#Schaffer94",
  booktitle =   "International Conference
on Machine Learning",
  booktitle =   "Machine Learning, Proceedings of the Eleventh
                 International Conference, Rutgers University, New
                 Brunswick, {NJ}, {USA}, July 10-13, 1994",
  publisher =   "Morgan Kaufmann",
  year =        "1994",
  \editor =      "William W. Cohen and Haym Hirsh",
  ISBN =        "1-55860-335-2",
  pages =       "259--265",
}

@Book{books/daglib/0022052,
  title =       "Metalearning - Applications to Data Mining",
  author =      "Pavel Brazdil and Christophe G. Giraud-Carrier and
                 Carlos Soares and Ricardo Vilalta",
  publisher =   "Springer",
  year =        "2009",
  bibdate =     "2011-08-25",
  bibsource =   "DBLP,
                 http://dblp.uni-trier.de/db/series/cogtech/index.html#0022052",
  ISBN =        "978-3-540-73262-4",
  pages =       "I--X, 1--176",
  series =      "Cognitive Technologies",
  \URL=         "http://dx.doi.org/10.1007/978-3-540-73263-1",
}

@Article{journals/sigkdd/ZliobaiteBGGGMM12,
  title =       "Next challenges for adaptive learning systems",
  author =      "Indre Zliobaite and Albert Bifet and Mohamed Medhat
                 Gaber and Bogdan Gabrys and Jo{\~a}o Gama and Leandro
                 L. Minku and Katarzyna Musial",
  journal =     "Special Interest Group on Knowledge Discovery and Data Mining Explorations",
  year =        "2012",
  number =      "1",
  volume =      "14",
  bibdate =     "2014-08-27",
  bibsource =   "DBLP,
                 http://dblp.uni-trier.de/db/journals/sigkdd/sigkdd14.html#ZliobaiteBGGGMM12",
  pages =       "48--55",
  \URL =         "http://doi.acm.org/10.1145/2408736.2408746",
}

@article{brazdil1994analysis,
  title={Analysis of results},
  author={Brazdil, PB and Henery, RJ},
  journal={Machine learning, neural and statistical classification},
  pages={175--212},
  year={1994},
  publisher={Ellis Horwood, New York}
}

@Article{journals/air/VilaltaD02,
  title =       "A Perspective View and Survey of Meta-Learning",
  author =      "Ricardo Vilalta and Youssef Drissi",
  journal =     "Artificial Intelligence Review",
  year =        "2002",
  number =      "2",
  volume =      "18",
  bibdate =     "2011-05-19",
  bibsource =   "DBLP,
                 http://dblp.uni-trier.de/db/journals/air/air18.html#VilaltaD02",
  pages =       "77--95",
  \URL =         "http://dx.doi.org/10.1023/A:1019956318069",
}

@Article{journals/nn/Wolpert92,
  title =       "Stacked generalization",
  author =      "David H. Wolpert",
  journal =     "Neural Networks",
  year =        "1992",
  number =      "2",
  volume =      "5",
  bibdate =     "2005-12-15",
  bibsource =   "DBLP,
                 http://dblp.uni-trier.de/db/journals/nn/nn5.html#Wolpert92",
  pages =       "241--259",
  \URL=         "http://dx.doi.org/10.1016/S0893-6080(05)80023-1",
}

@conference{pfahringer2000tell,
  title={Tell me who can learn you and i can tell you who you are: Landmarking various learning algorithms},
  author={Pfahringer, Bernhard and Bensusan, Hilan and Giraud-Carrier, Christophe},
  booktitle={Proceedings of the Seventeenth International Conference on Machine Learning},
  pages={743--750},
  year={2000}
}

@conference{conf/ilp/BensusanGK00,
  title =       "A Higher-order Approach to Meta-learning",
  author =      "Hilan Bensusan and Christophe G. Giraud-Carrier and
                 Claire J. Kennedy",
  bibdate =     "2005-02-28",
  bibsource =   "DBLP,
                 http://dblp.uni-trier.de/db/conf/ilp/ilp2000wip.html#BensusanGK00",
  booktitle =   "Inductive Logic Programming Work-in-progress reports",
  \booktitle =   "Inductive Logic Programming, 10th International
                 Conference, {ILP} 2000, Work-in-progress reports,
                 London, {UK}, July 2000, Proceedings",
  publisher =   "CEUR-WS.org",
  year =        "2000",
  volume =      "35",
  \editor =      "James Cussens and Alan M. Frisch",
  series =      "CEUR Workshop Proceedings",
  \URL =         "http://SunSITE.Informatik.RWTH-Aachen.DE/Publications/CEUR-WS/Vol-35/03-BensuanGiraud-CarrierKennedy.ps",
}

@phdthesis{chermanaprendizado,
  title={Aprendizado de m{\'a}quina multirr{\'o}tulo: explorando a depend{\^e}ncia de r{\'o}tulos e o aprendizado ativo},
  author={Cherman, Everton Alvares},
  year={2013},
  school={Universidade de S{\~a}o Paulo}
}

@Article{journals/pieee/CrawfordTY13,
  title =       "Active Learning: Any Value for Classification of
                 Remotely Sensed Data?",
  author =      "Melba M. Crawford and Devis Tuia and Hsiuhan Lexie
                 Yang",
  journal =     "Proceedings of the IEEE",
  year =        "2013",
  number =      "3",
  volume =      "101",
  bibdate =     "2013-02-24",
  bibsource =   "DBLP,
                 http://dblp.uni-trier.de/db/journals/pieee/pieee101.html#CrawfordTY13",
  pages =       "593--608",
  \URL=         "http://dx.doi.org/10.1109/JPROC.2012.2231951",
}

@Article{journals/ml/Breiman01,
  title =       "Random Forests",
  author =      "Leo Breiman",
  journal =     "Machine Learning",
  year =        "2001",
  number =      "1",
  volume =      "45",
  bibdate =     "2011-05-26",
  bibsource =   "DBLP,
                 http://dblp.uni-trier.de/db/journals/ml/ml45.html#Breiman01",
  pages =       "5--32",
  \URL=         "http://dx.doi.org/10.1023/A:1010933404324",
}

@Article{journals/cj/Murtagh83,
  title =       "A Survey of Recent Advances in Hierarchical Clustering Algorithms",
  author =      "Fionn Murtagh",
  journal =     "Computing Journal",
  year =        "1983",
  number =      "4",
  volume =      "26",
  bibdate =     "2011-06-28",
  bibsource =   "DBLP,
                 http://dblp.uni-trier.de/db/journals/cj/cj26.html#Murtagh83",
  pages =       "354--359",
  \URL=         "http://dx.doi.org/10.1093/comjnl/26.4.354",
}

@conference{conf/ijcai/RendellST87,
  title =       "Layered Concept-Learning and Dynamically Variable Bias Management",
  author =      "Larry A. Rendell and Raj Sheshu and David K. Tcheng",
  bibdate =     "2012-05-15",
  bibsource =   "DBLP,
                 http://dblp.uni-trier.de/db/conf/ijcai/ijcai87.html#RendellST87",
  \booktitle =   "International Joint Conference on Artificial Intelligence . Milan, Italy, August 1987",
  booktitle =   "Proceedings of the 10th International Joint Conference
                 on Artificial Intelligence",
  publisher =   "Morgan Kaufmann",
  year =        "1987",
  \editor =      "John P. McDermott",
  pages =       "308--314",
}

@article{Ferrari2015181,
title = "Clustering algorithm selection by meta-learning systems: A new distance-based problem characterization and ranking combination methods ",
journal = "Information Sciences ",
volume = "301",
number = "0",
pages = "181 - 194",
year = "2015",
note = "",
issn = "0020-0255",
doi = "http://dx.doi.org/10.1016/j.ins.2014.12.044",
\url = "http://www.sciencedirect.com/science/article/pii/S0020025514011967",
author = "Daniel Gomes Ferrari and Leandro Nunes de Castro",
keywords = "Clustering",
keywords = "Problem characterization",
keywords = "Algorithm ranking",
keywords = "Algorithm selection",
keywords = "Meta-knowledge",
keywords = "Meta-learning systems "
}

@Article{journals/ijon/GomesPSRC12,
  title =       "Combining meta-learning and search techniques to
                 select parameters for support vector machines",
  author =      "Taciana A. F. Gomes and Ricardo Bastos Cavalcante
                 Prud{\^e}ncio and Carlos Soares and Andr{\'e} L. D.
                 Rossi and Andr{\'e} C. P. L. F. Carvalho",
  journal =     "Neurocomputing",
  year =        "2012",
  number =      "1",
  volume =      "75",
  bibdate =     "2011-12-08",
  bibsource =   "DBLP,
                 http://dblp.uni-trier.de/db/journals/ijon/ijon75.html#GomesPSRC12",
  pages =       "3--13",
  \URL=         "http://dx.doi.org/10.1016/j.neucom.2011.07.005",
}

@Article{journals/tit/Barron93,
  title =       "Universal approximation bounds for superpositions of a
                 sigmoidal function",
  author =      "Andrew R. Barron",
  journal =     "IEEE Transactions on Information Theory",
  year =        "1993",
  number =      "3",
  volume =      "39",
  bibdate =     "2011-10-31",
  bibsource =   "DBLP,
                 http://dblp.uni-trier.de/db/journals/tit/tit39.html#Barron93",
  pages =       "930--945",
  \URL=         "http://dx.doi.org/10.1109/18.256500",
}

@conference{conf/cvpr/BiswasP13,
  title =       "Simultaneous Active Learning of Classifiers \&
                 Attributes via Relative Feedback",
  author =      "Arijit Biswas and Devi Parikh",
  publisher =   "IEEE",
  year =        "2013",
  bibdate =     "2014-07-31",
  bibsource =   "DBLP,
                 http://dblp.uni-trier.de/db/conf/cvpr/cvpr2013.html#BiswasP13",
  booktitle =   "Conference on Computer Vision and Pattern Recognition",
  \crossref =    "conf/cvpr/2013",
  pages =       "644--651",
  \URL =         "http://ieeexplore.ieee.org/xpl/mostRecentIssue.jsp?punumber=6596161",
}

@conference{conf/iconip/GuJC14a,
  title =       "Combining Active Learning and Semi-supervised Learning
                 Using Local and Global Consistency",
  author =      "Yingjie Gu and Zhong Jin and Steve C. Chiu",
  bibdate =     "2014-10-22",
  bibsource =   "DBLP,
                 http://dblp.uni-trier.de/db/conf/iconip/iconip2014-1.html#GuJC14a",
  booktitle =   "International
                 Conference on Neural Information Processing",
  \booktitle =   "Neural Information Processing - 21st International
                 Conference, {ICONIP} 2014, Kuching, Malaysia, November
                 3-6, 2014. Proceedings, Part {I}",
  publisher =   "Springer",
  year =        "2014",
  volume =      "8834",
  \editor =      "Chu Kiong Loo and Keem Siah Yap and Kok Wai Wong and
                 Andrew Teoh Beng Jin and Kaizhu Huang",
  ISBN =        "978-3-319-12636-4",
  pages =       "215--222",
  series =      "Lecture Notes in Computer Science",
  \URL =         "http://dx.doi.org/10.1007/978-3-319-12637-1",
}

@Article{journals/prl/PatraB12,
  title =       "A cluster-assumption based batch mode active learning technique",
  author =      "Swarnajyoti Patra and Lorenzo Bruzzone",
  journal =     "Pattern Recognition Letters",
  year =        "2012",
  number =      "9",
  volume =      "33",
  bibdate =     "2012-05-08",
  bibsource =   "DBLP,
                 http://dblp.uni-trier.de/db/journals/prl/prl33.html#PatraB12",
  pages =       "1042--1048",
  \URL =         "http://dx.doi.org/10.1016/j.patrec.2012.01.015",
}

@InCollection{Mitchell:1980,
  author =       "Mitchell, Tom M.",
  title =        "The Need for Biases in Learning Generalizations",
  booktitle =    "Readings in Machine Learning",
  publisher =    "Morgan Kauffman",
  year =         "1980",
  \editor =    "Shavlik, Jude W. and Dietterich, Thomas G.",
  pages =     "184--191",
  \url = "http://www.cs.nott.ac.uk/~bsl/G52HPA/articles/Mitchell:80a.pdf",
  note = "Book published in 1990."
}

@Article{journals/tit/Bartlett98,
  title =       "The Sample Complexity of Pattern Classification with
                 Neural Networks: The Size of the Weights is More
                 Important than the Size of the Network",
  author =      "Peter L. Bartlett",
  journal =     "IEEE Transactions on Information Theory",
  year =        "1998",
  number =      "2",
  volume =      "44",
  bibdate =     "2011-10-31",
  bibsource =   "DBLP,
                 http://dblp.uni-trier.de/db/journals/tit/tit44.html#Bartlett98",
  pages =       "525--536",
  \URL =         "http://dx.doi.org/10.1109/18.661502",
}

@article{allan1974relationship,
  title={The relationship between variable selection and prediction},
  author={Allan, D},
  journal={Technometrics},
  volume={16},
  pages={125--127},
  year={1974}
}

@Article{journals/tnn/FengHLG09,
  title =       "Error Minimized Extreme Learning Machine With Growth of Hidden Nodes and Incremental Learning",
  author =      "Guorui Feng and Guang-Bin Huang and Qingping Lin and Robert Kheng Leng Gay",
  journal =     "IEEE Transactions on Neural Networks",
  year =        "2009",
  number =      "8",
  volume =      "20",
  bibdate =     "2010-09-16",
  bibsource =   "DBLP, http://dblp.uni-trier.de/db/journals/tnn/tnn20.html#FengHLG09",
  pages =       "1352--1357",
  \URL =         "http://dx.doi.org/10.1109/TNN.2009.2024147",
}

@book{neter1996applied,
  title={Applied linear statistical models},
  author={Neter, John and Kutner, Michael H and Nachtsheim, Christopher J and Wasserman, William},
  volume={4},
  year={1996},
  publisher={Irwin Chicago}
}

@book{legendre1805nouvelles,
  title={Nouvelles m{\'e}thodes pour la d{\'e}termination des orbites des cometes},
  author={Legendre, Adrien Marie},
  number={1},
  year={1805},
  publisher={F. Didot}
}

@conference{prud2011,
  title =       "Meta-learning to optimize the number of hidden nodes of MLP networks trained by Extreme Learning Machine algorithm",
  author =      "Lucas, T., Prud√™ncio, R. B. C., Ludermir, T. B., and Soares, C.",
  bibdate =     "",
  booktitle =   "CBIC2011",
  booktitle =   "Proceedings of the X Congresso Brasileiro de Intelig{√™}ncia Computacional",
  publisher =   "",
  year =        "2011",
  \editor =      "",
  ISBN =        "",
  pages =       "",
}

@article{parviainen2011studies,
  title={Studies on dimension reduction and feature spaces},
  author={Parviainen, Eli and others},
  year={2011},
  publisher={Aalto University}
}

@conference{huang2004extreme,
  title={Extreme learning machine: a new learning scheme of feedforward neural networks},
  author={Huang, Guang-Bin and Zhu, Qin-Yu and Siew, Chee-Kheong},
  booktitle={Neural Networks, 2004. Proceedings. 2004 IEEE International Joint Conference on},
  volume={2},
  pages={985--990},
  year={2004},
  organization={IEEE}
}

@techreport{rosenblatt1961principles,
  title={Principles of neurodynamics. perceptrons and the theory of brain mechanisms},
  author={Rosenblatt, Frank},
  year={1961},
  institution={DTIC Document}
}

@Article{journals/tnn/HuangB98,
  title =       "Upper bounds on the number of hidden neurons in
                 feedforward networks with arbitrary bounded nonlinear
                 activation functions",
  author =      "Guang-Bin Huang and Haroon A. Babri",
  journal =     "IEEE Transactions on Neural Networks",
  year =        "1998",
  number =      "1",
  volume =      "9",
  bibdate =     "2008-02-15",
  bibsource =   "DBLP,
                 http://dblp.uni-trier.de/db/journals/tnn/tnn9.html#HuangB98",
  pages =       "224--229",
  \URL=         "http://doi.ieeecomputersociety.org/10.1109/72.655045",
}

@article{sheela2013review,
  title={Review on methods to fix number of hidden neurons in neural networks},
  author={Sheela, K Gnana and Deepa, SN},
  journal={Mathematical Problems in Engineering},
  volume={2013},
  year={2013},
  publisher={Hindawi Publishing Corporation}
}

@Article{journals/ijon/YuHMNHSL14,
  title =       "Ensemble delta test-extreme learning machine
                 ({DT}-{ELM}) for regression",
  author =      "Qi Yu and Mark van Heeswijk and Yoan Miche and Rui
                 Nian and Bo He and Eric S{\'e}verin and Amaury
                 Lendasse",
  journal =     "Neurocomputing",
  year =        "2014",
  volume =      "129",
  bibdate =     "2014-03-06",
  bibsource =   "DBLP,
                 http://dblp.uni-trier.de/db/journals/ijon/ijon129.html#YuHMNHSL14",
  pages =       "153--158",
  \URL=         "http://dx.doi.org/10.1016/j.neucom.2013.08.041",
}

@Article{journals/jmlr/CawleyT10,
  title =       "On Over-fitting in Model Selection and Subsequent
                 Selection Bias in Performance Evaluation",
  author =      "Gavin C. Cawley and Nicola L. C. Talbot",
  journal =     "Journal of Machine Learning Research",
  year =        "2010",
  volume =      "11",
  bibdate =     "2011-04-01",
  bibsource =   "DBLP, http://dblp.uni-trier.de/db/journals/jmlr/jmlr11.html#CawleyT10",
  pages =       "2079--2107",
  \URL =         "http://portal.acm.org/citation.cfm?id=1859921",
}

 @article{Hochbaum1985,
    author = {Hochbaum and Shmoys},
    journal = {Mathematics of Operations Research},
    number = {2},
    pages = {180-184},
    title = {A best possible heuristic for the k-center problem},
    volume = {10},
    year = {1985}
 }

@Article{journals/ijhis/KandaCHS11,
  title =       "Selection of algorithms to solve traveling salesman
                 problems using meta-learning",
  author =      "Jorge Kanda and Andr{\'e} Carlos Ponce Leon Ferreira
                 de Carvalho and Eduardo R. Hruschka and Carlos Soares",
  journal =     "International Journal of Hybrid Intelligent Systems",
  year =        "2011",
  number =      "3",
  volume =      "8",
  bibdate =     "2011-07-12",
  bibsource =   "DBLP,
                 http://dblp.uni-trier.de/db/journals/ijhis/ijhis8.html#KandaCHS11",
  pages =       "117--128",
  \URL=         "http://dx.doi.org/10.3233/HIS-2011-0133",
}

@Article{journals/ijon/RossiCSS14,
  title =       "MetaStream: {A} meta-learning based method for
                 periodic algorithm selection in time-changing data",
  author =      "Andr{\'e} Luis Debiaso Rossi and Andr{\'e} Carlos
                 Ponce de Leon Ferreira de Carvalho and Carlos Soares
                 and Bruno Feres de Souza",
  journal =     "Neurocomputing",
  year =        "2014",
  volume =      "127",
  bibdate =     "2014-01-07",
  bibsource =   "DBLP,
                 http://dblp.uni-trier.de/db/journals/ijon/ijon127.html#RossiCSS14",
  pages =       "52--64",
  \URL=         "http://dx.doi.org/10.1016/j.neucom.2013.05.048",
}

@conference{conf/iberamia/SouzaCS10,
  title =       "Empirical Evaluation of Ranking Prediction Methods for
                 Gene Expression Data Classification",
  author =      "Bruno Feres de Souza and Andr{\'e} Carlos Ponce Leon
                 Ferreira de Carvalho and Carlos Soares",
  bibdate =     "2010-11-06",
  bibsource =   "DBLP,
                 http://dblp.uni-trier.de/db/conf/iberamia/iberamia2010.html#SouzaCS10",
  booktitle =   " Ibero-American Conference on Artificial Intelligence",
  booktitle =   "Advances in Artificial Intelligence - {IBERAMIA} 2010,
                 12th Ibero-American Conference on {AI}, Bah{\'i}a
                 Blanca, Argentina, November 1-5, 2010. Proceedings",
  publisher =   "Springer",
  year =        "2010",
  volume =      "6433",
  \editor =      "{\'A}ngel Fernando Kuri Morales and Guillermo Ricardo
                 Simari",
  ISBN =        "978-3-642-16951-9",
  pages =       "194--203",
  series =      "Lecture Notes in Computer Science",
  \URL=         "http://dx.doi.org/10.1007/978-3-642-16952-6",
}

@article{Garcia2015,
title = {Noise detection in the meta-learning level.},
author = {Lu{\'i}s Paulo F. Garcia and Andr{\'e} C. P. F. de Carvalho and Ana C. Lorena},
year = {2015},
journal = {Neurocomputing},
note = {in press 2015},
}

@Book{books/daglib/0021593,
  title =       "Introduction to information retrieval",
  author =      "Christopher D. Manning and Prabhakar Raghavan and
                 Hinrich Sch{\"u}tze",
  publisher =   "Cambridge University Press",
  year =        "2008",
  bibdate =     "2011-03-16",
  ISBN =        "978-0-521-86571-5",
  pages =       "I--XXI, 1--482",
}

@Article{journals/ml/CortesV95,
  title =       "Support-Vector Networks",
  author =      "Corinna Cortes and Vladimir Vapnik",
  journal =     "Machine Learning",
  year =        "1995",
  number =      "3",
  volume =      "20",
  bibdate =     "2011-05-26",
  bibsource =   "DBLP,
                 http://dblp.uni-trier.de/db/journals/ml/ml20.html#CortesV95",
  pages =       "273--297",
  \URL =         "http://dx.doi.org/10.1007/BF00994018",
}

@conference{conf/isaim/DasguptaHM08,
  title =       "A General Agnostic Active Learning Algorithm",
  author =      "Sanjoy Dasgupta and Daniel Hsu and Claire Monteleoni",
  year =        "2008",
  bibdate =     "2012-02-09",
  bibsource =   "DBLP,
                 http://dblp.uni-trier.de/db/conf/isaim/isaim2008.html#DasguptaHM08",
  booktitle =   " International Symposium on Artificial Intelligence and Mathematics",
  \crossref =    "conf/isaim/2008",
  \URL =         "http://isaim2008.unl.edu/index.php?page=proceedings",
}

@Book{books/daglib/0000786,
  title =       "Introduction to probability and statistics for engineers and scientists (2. ed.)",
  author =      "Sheldon M. Ross",
  publisher =   "Academic Press",
  year =        "2000",
  bibdate =     "2011-04-07",
  ISBN =        "978-0-12-598472-0",
  pages =       "I--XIV, 1--578",
}

@article{gunther1955instinct,
  title={Instinct and the nursing couple},
  author={Gunther, Mavis},
  journal={The Lancet},
  volume={265},
  number={6864},
  pages={575--578},
  year={1955},
  publisher={Elsevier}
}

@conference{conf/dexa/BedoSKT13,
  title =	"A Similarity-Based Approach for Financial Time Series
		 Analysis and Forecasting",
  author =	"Marcos Vinicius Naves Bedo and Davi Pereira dos Santos
		 and Daniel S. Kaster and Caetano Traina Jr",
  bibdate =	"2013-08-19",
  bibsource =	"DBLP,
		 http://dblp.uni-trier.de/db/conf/dexa/dexa2013-2.html#BedoSKT13",
  \booktitle =	"DEXA (2) - 24th
		 International Conference, {DEXA} 2013, Prague, Czech
		 Republic, August 26-29, 2013. Proceedings, Part {II}",
  booktitle =	"Database and Expert Systems Applications",
  publisher =	"Springer",
  year = 	"2013",
  volume =	"8056",
  \editor =	"Hendrik Decker and Lenka Lhotsk{\'a} and Sebastian
		 Link and Josef Basl and A Min Tjoa",
  ISBN = 	"978-3-642-40172-5",
  pages =	"94--108",
  series =	"Lecture Notes in Computer Science",
  \URL =  	"http://dx.doi.org/10.1007/978-3-642-40173-2",
}

@Article{journals/pr/Lughofer12,
  title =	"Hybrid active learning for reducing the annotation
		 effort of operators in classification systems",
  author =	"Edwin Lughofer",
  journal =	"Pattern Recognition",
  year = 	"2012",
  number =	"2",
  volume =	"45",
  bibdate =	"2011-10-18",
  bibsource =	"DBLP,
		 http://dblp.uni-trier.de/db/journals/pr/pr45.html#Lughofer12",
  pages =	"884--896",
  \URL=  	"http://dx.doi.org/10.1016/j.patcog.2011.08.009",
}

@article{Yu2015,
title = "AL-ELM: One uncertainty-based active learning algorithm using extreme learning machine ",
journal = "Neurocomputing ",
volume = "",
number = "0",
pages = " - ",
year = "2015",
note = "",
issn = "0925-2312",
doi = "http://dx.doi.org/10.1016/j.neucom.2015.04.019",
\url = "http://www.sciencedirect.com/science/article/pii/S0925231215004646",
author = "Hualong Yu and Changyin Sun and Wankou Yang and Xibei Yang and Xin Zuo"
}

@article{dunn1973fuzzy,
  title={A fuzzy relative of the ISODATA process and its use in detecting compact well-separated clusters},
  author={Dunn, Joseph C},
  year={1973},
  publisher={Taylor \& Francis}
}

@book{xu2008clustering,
  title={Clustering},
  author={Xu, Rui and Wunsch, Don},
  volume={10},
  year={2008},
  publisher={John Wiley \& Sons}
}

@article{rousseeuw1987silhouettes,
  title={Silhouettes: a graphical aid to the interpretation and validation of cluster analysis},
  author={Rousseeuw, Peter J},
  journal={Journal of computational and applied mathematics},
  volume={20},
  pages={53--65},
  year={1987},
  publisher={Elsevier}
}

@phdthesis{souza2010meta,
  title={Meta-aprendizagem aplicada {\`a} classifica{\c{c}}{\~a}o de dados de express{\~a}o g{\^e}nica},
  author={Souza, Bruno Feres de},
  year={2010},
  school={Universidade de S{\~a}o Paulo}
}

@Article{journals/bmcbi/WangLLXHXL14,
  title =	"Prediction of pi{RNA}s using transposon interaction
		 and a support vector machine",
  author =	"Kai Wang and Chun Liang and Jinding Liu and Huamei
		 Xiao and Shuiqing Huang and Jian-Hua Xu and Fei Li",
  journal =	"BioMed Central Bioinformatics",
  year = 	"2014",
  volume =	"15",
  bibdate =	"2015-04-20",
  bibsource =	"DBLP,
		 http://dblp.uni-trier.de/db/journals/bmcbi/bmcbi15.html#WangLLXHXL14",
  pages =	"6593",
  \URL =  	"http://dx.doi.org/10.1186/s12859-014-0419-6",
}

@conference{conf/nips/KrizhevskySH12,
  title =	"ImageNet Classification with Deep Convolutional Neural
		 Networks",
  author =	"Alex Krizhevsky and Ilya Sutskever and Geoffrey E.
		 Hinton",
  bibdate =	"2014-12-10",
  bibsource =	"DBLP,
		 http://dblp.uni-trier.de/db/conf/nips/nips2012.html#KrizhevskySH12",
  booktitle =	"Neural Information Processing Systems",
  booktitle =	"Advances in Neural Information Processing Systems 25:
		 26th Annual Conference on Neural Information Processing
		 Systems 2012. Proceedings of a meeting held December
		 3-6, 2012, Lake Tahoe, Nevada, United States",
  year = 	"2012",
  \editor =	"Peter L. Bartlett and Fernando C. N. Pereira and
		 Christopher J. C. Burges and L{\'e}on Bottou and Kilian
		 Q. Weinberger",
  pages =	"1106--1114",
  \URL =  	"http://papers.nips.cc/book/advances-in-neural-information-processing-systems-25-2012",
}

@InCollection{reference/rsh/RicciRS11,
  title =	"Introduction to Recommender Systems Handbook",
  author =	"Francesco Ricci and Lior Rokach and Bracha Shapira",
  bibdate =	"2011-01-08",
  bibsource =	"DBLP,
		 http://dblp.uni-trier.de/db/reference/rsh/rsh2011.html#RicciRS11",
  booktitle =	"Recommender Systems Handbook",
  publisher =	"Springer",
  year = 	"2011",
  \editor =	"Francesco Ricci and Lior Rokach and Bracha Shapira and
		 Paul B. Kantor",
  ISBN = 	"978-0-387-85819-7",
  pages =	"1--35",
  \URL =  	"http://www.springerlink.com/content/978-0-387-85819-7",
}

@Article{journals/tec/DolpertM97,
  title =	"No free lunch theorems for optimization",
  author =	"David Wolpert and William G. Macready",
  journal =	"IEEE Transactions on Evolutionary Computation",
  year = 	"1997",
  number =	"1",
  volume =	"1",
  bibdate =	"2011-10-31",
  bibsource =	"DBLP,
		 http://dblp.uni-trier.de/db/journals/tec/tec1.html#DolpertM97",
  pages =	"67--82",
  \URL=  	"http://dx.doi.org/10.1109/4235.585893",
}

@book{academia2004vocabulario,
  title={Vocabul{\'a}rio ortogr{\'a}fico da l{\'\i}ngua portuguesa},
  author={Academia Brasileira de Letras},
  lccn={2006337337},
  url={http://www.academia.org.br/nossa-lingua/busca-no-vocabulario},
  year={2004},
  publisher={Academia Brasileira de Letras}
}

@Article{journals/corr/EvansAA14a,
  title =	"When does Active Learning Work?",
  author =	"Lewis P. G. Evans and Niall M. Adams and Christoforos Anagnostopoulos",
  journal =	"Computing Research Repository",
  year = 	"2014",
  volume =	"abs/1408.1319",
  bibdate =	"2014-09-12",
  \URL =  	"http://arxiv.org/abs/1408.1319",
}

@conference{conf/icml/BilgicMG10,
  title =	"Active Learning for Networked Data",
  author =	"Mustafa Bilgic and Lilyana Mihalkova and Lise Getoor",
  bibdate =	"2010-09-06",
  bibsource =	"DBLP,
		 http://dblp.uni-trier.de/db/conf/icml/icml2010.html#BilgicMG10",
  booktitle =	"International Conference
on Machine Learning",
  booktitle =	"Proceedings of the 27th International Conference on
		 Machine Learning ({International Conference
on Machine Learning}-10), June 21-24, 2010, Haifa,
		 Israel",
  publisher =	"Omnipress",
  year = 	"2010",
  \editor =	"Johannes F{\"u}rnkranz and Thorsten Joachims",
  pages =	"79--86",
  \URL =  	"http://www.icml2010.org/papers/544.pdf",
}

@conference{conf/ijcnn/SousaPSL13,
  title =	"Active selection of training instances for a random
		 forest meta-learner",
  author =	"Arthur F. M. Sousa and Ricardo B. C. Prud{\^e}ncio and
		 Carlos Soares and Teresa Bernarda Ludermir",
  publisher =	"IEEE",
  year = 	"2013",
  bibdate =	"2014-01-15",
  bibsource =	"DBLP,
		 http://dblp.uni-trier.de/db/conf/ijcnn/ijcnn2013.html#SousaPSL13",
  booktitle =	"International Joint Conference on Neural Networks",
  \crossref =	"conf/ijcnn/2013",
  ISBN = 	"978-1-4673-6128-6",
  pages =	"1--7",
  \URL =  	"http://ieeexplore.ieee.org/xpl/mostRecentIssue.jsp?punumber=6691896",
}

@Article{Bedo2015jdi,
Title = {{Endowing a Content-Based Medical Image Retrieval system with perceptual similarity using ensemble strategy}},
Author = {Marcos Vinicius Naves Bedo and Davi Pereira Santos and Marcelo Ponciano-Silva and Paulo Mazzoncini Azevedo-Marques and Andre Ponce Leon Ferreira Carvalho and Caetano Traina{ }Jr.},
Journal = {{Journal of Digital Imaging}},
Year = {2015},
Number = {1},
Pages = {1--18},
Volume = {1},
}

@book{von2006crc,
  title={CRC standard curves and surfaces with Mathematica},
  author={Von Seggern, David H},
  year={2006},
  publisher={CRC Press}
}

@Article{journals/csur/JainMF99,
  title =	"Data Clustering: {A} Review",
  author =	"Anil K. Jain and M. Narasimha Murty and Patrick J. Flynn",
  journal =	"Computing Surveys",
  year = 	"1999",
  number =	"3",
  volume =	"31",
  bibdate =	"2003-11-19",
  \bibsource =	"DBLP, http://dblp.uni-trier.de/db/journals/csur/csur31.html#JainMF99",
  pages =	"264--323",
  publisher="ACM",
  \URL =  	"http://doi.acm.org/10.1145/331499.331504",
}

@Article{journals/ml/KearnsSS94,
  title =	"Toward Efficient Agnostic Learning",
  author =	"Michael J. Kearns and Robert E. Schapire and Linda
		 Sellie",
  journal =	"Machine Learning",
  year = 	"1994",
  number =	"2-3",
  volume =	"17",
  bibdate =	"2011-05-26",
  bibsource =	"DBLP,
		 http://dblp.uni-trier.de/db/journals/ml/ml17.html#KearnsSS94",
  pages =	"115--141",
  \URL=  	"http://dx.doi.org/10.1007/BF00993468",
}

@Article{journals/corr/abs-1301-3849,
  title =	"Experiments with Random Projection",
  author =	"Sanjoy Dasgupta",
  journal =	"CoRR",
  year = 	"2013",
  volume =	"abs/1301.3849",
  bibdate =	"2013-02-01",
  bibsource =	"DBLP,
		 http://dblp.uni-trier.de/db/journals/corr/corr1301.html#abs-1301-3849",
  \URL=  	"http://arxiv.org/abs/1301.3849",
}

@conference{conf/ecml/TodorovskiBD02,
  title =	"Ranking with Predictive Clustering Trees",
  author =	"Ljupco Todorovski and Hendrik Blockeel and Saso
		 Dzeroski",
  bibdate =	"2011-07-04",
  bibsource =	"DBLP,
		 http://dblp.uni-trier.de/db/conf/ecml/ecml2002.html#TodorovskiBD02",
  booktitle =	"13th European
		 Conference on Machine Learning",
  \booktitle =	"Machine Learning: {ECML} 2002, 13th European
		 Conference on Machine Learning, Helsinki, Finland,
		 August 19-23, 2002, Proceedings",
  publisher =	"Springer",
  year = 	"2002",
  volume =	"2430",
  \editor =	"Tapio Elomaa and Heikki Mannila and Hannu Toivonen",
  ISBN = 	"3-540-44036-4",
  pages =	"444--455",
  series =	"Lecture Notes in Computer Science",
  \URL=  	"http://dx.doi.org/10.1007/3-540-36755-1_37",
}

@conference{raghavan2007will,
  title={When will feature feedback help? quantifying the complexity of classification problems},
  author={Raghavan, Hema and Madani, Omid and Jones, Rosie},
  booktitle={International Joint Conference on Artificial Intelligence Workshop on Human in the Loop Computing},
  year={2007}
}

@article{stehman1997selecting,
  title={Selecting and interpreting measures of thematic classification accuracy},
  author={Stehman, Stephen V},
  journal={Remote sensing of Environment},
  volume={62},
  number={1},
  pages={77--89},
  year={1997},
  publisher={Elsevier}
}

@conference{conf/cikm/ErtekinHBG07,
  title =	"Learning on the border: active learning in imbalanced
		 data classification",
  author =	"Seyda Ertekin and Jian Huang 0002 and L{\'e}on Bottou
		 and C. Lee Giles",
  bibdate =	"2009-06-25",
  bibsource =	"DBLP,
		 http://dblp.uni-trier.de/db/conf/cikm/cikm2007.html#ErtekinHBG07",
  \booktitle =	"CIKM, {CIKM} 2007,
		 Lisbon, Portugal, November 6-10, 2007",
  booktitle =	"Proceedings of the Sixteenth Conference on
		 Information and Knowledge Management",
  publisher =	"ACM",
  year = 	"2007",
  \editor =	"M{\'a}rio J. Silva and Alberto H. F. Laender and
		 Ricardo A. Baeza-Yates and Deborah L. McGuinness and
		 Bj{\o}rn Olstad and {\O}ystein Haug Olsen and Andr{\'e}
		 O. Falc{\~a}o",
  ISBN = 	"978-1-59593-803-9",
  pages =	"127--136",
  \URL=  	"http://doi.acm.org/10.1145/1321440.1321461",
}

@conference{conf/ecml/KornerW06,
  title =	"Multi-class Ensemble-Based Active Learning",
  author =	"Christine K{\"o}rner and Stefan Wrobel",
  bibdate =	"2006-10-23",
  bibsource =	"DBLP,
		 http://dblp.uni-trier.de/db/conf/ecml/ecml2006.html#KornerW06",
  booktitle =	"17th European
		 Conference on Machine Learning",
  \booktitle =	"Machine Learning: {ECML} 2006, 17th European
		 Conference on Machine Learning, Berlin, Germany,
		 September 18-22, 2006, Proceedings",
  publisher =	"Springer",
  year = 	"2006",
  volume =	"4212",
  \editor =	"Johannes F{\"u}rnkranz and Tobias Scheffer and Myra
		 Spiliopoulou",
  ISBN = 	"3-540-45375-X",
  pages =	"687--694",
  series =	"Lecture Notes in Computer Science",
  \URL=  	"http://dx.doi.org/10.1007/11871842_68",
}

@conference{conf/ecir/XuAZ07,
  title =	"Incorporating Diversity and Density in Active Learning
		 for Relevance Feedback",
  author =	"Zuobing Xu and Ram Akella and Yi Zhang 0001",
  bibdate =	"2010-09-09",
  bibsource =	"DBLP,
		 http://dblp.uni-trier.de/db/conf/ecir/ecir2007.html#XuAZ07",
  \booktitle =	"ECIR{IR} Research, {ECIR} 2007, Rome, Italy,
		 April 2-5, 2007, Proceedings",
  booktitle =	"29th European
		 Conference on Advances in Information Retrieval",
  publisher =	"Springer",
  year = 	"2007",
  volume =	"4425",
  \editor =	"Giambattista Amati and Claudio Carpineto and Giovanni
		 Romano 0002",
  ISBN = 	"978-3-540-71494-1",
  pages =	"246--257",
  series =	"Lecture Notes in Computer Science",
  \URL =  	"http://dx.doi.org/10.1007/978-3-540-71496-5_24",
}

@conference{conf/iswc/StikicLS08,
  title =	"Exploring semi-supervised and active learning for
		 activity recognition",
  author =	"Maja Stikic and Kristof Van Laerhoven and Bernt
		 Schiele",
  publisher =	"IEEE Computer Society",
  year = 	"2008",
  bibdate =	"2014-12-02",
  bibsource =	"DBLP,
		 http://dblp.uni-trier.de/db/conf/iswc/iswc2008.html#StikicLS08",
  booktitle =	"International Semantic Web Conference",
  \crossref =	"conf/iswc/2008",
  ISBN = 	"978-1-4244-2637-9",
  pages =	"81--88",
  \URL=  	"http://ieeexplore.ieee.org/xpl/mostRecentIssue.jsp?punumber=4840596;
		 http://www.computer.org/csdl/proceedings/iswc/2008/2637/00/index.html",
}

@Article{journals/jmlr/LuoKGHSRH05,
  title =	"Active Learning to Recognize Multiple Types of
		 Plankton",
  author =	"Tong Luo and Kurt Kramer and Dmitry B. Goldgof and
		 Lawrence O. Hall and Scott Samson and Andrew Remsen and
		 Thomas Hopkins",
  journal =	"Journal of Machine Learning Research",
  year = 	"2005",
  volume =	"6",
  bibdate =	"2007-02-21",
  bibsource =	"DBLP,
		 http://dblp.uni-trier.de/db/journals/jmlr/jmlr6.html#LuoKGHSRH05",
  pages =	"589--613",
  \URL=  	"http://www.jmlr.org/papers/v6/luo05a.html",
}

@conference{conf/icml/MusleaMK02,
  title =	"Active + Semi-supervised Learning = Robust Multi-View
		 Learning",
  author =	"Ion Muslea and Steven Minton and Craig A. Knoblock",
  bibdate =	"2002-11-22",
  bibsource =	"DBLP,
		 http://dblp.uni-trier.de/db/conf/icml/icml2002.html#MusleaMK02",
  booktitle =	"International Conference
on Machine Learning",
  booktitle =	"Machine Learning, Proceedings of the Nineteenth
		 International Conference ({International Conference
on Machine Learning} 2002), University of
		 New South Wales, Sydney, Australia, July 8-12, 2002",
  publisher =	"Morgan Kaufmann",
  year = 	"2002",
  \editor =	"Claude Sammut and Achim G. Hoffmann",
  ISBN = 	"1-55860-873-7",
  pages =	"435--442",
}

@conference{settles2008active,
  title={Active learning with real annotation costs},
  author={Settles, Burr and Craven, Mark and Friedland, Lewis},
  booktitle={Proceedings of the Neural Information Processing Systems workshop on cost-sensitive learning},
  pages={1--10},
  year={2008}
}

@conference{conf/ijcai/MusleaMK03,
  title =	"Active Learning with Strong and Weak Views: {A} Case
		 Study on Wrapper Induction",
  author =	"Ion Muslea and Steven Minton and Craig A. Knoblock",
  bibdate =	"2004-05-05",
  bibsource =	"DBLP,
		 http://dblp.uni-trier.de/db/conf/ijcai/ijcai2003.html#MusleaMK03",
  booktitle =	"International Joint Conference on Artificial Intelligence",
  booktitle =	"{International Joint Conference on Artificial Intelligence}-03, Proceedings of the Eighteenth
		 International Joint Conference on Artificial
		 Intelligence, Acapulco, Mexico, August 9-15, 2003",
  publisher =	"Morgan Kaufmann",
  year = 	"2003",
  \editor =	"Georg Gottlob and Toby Walsh",
  pages =	"415--420",
}

@conference{conf/ijcai/BeckerO05,
  title =	"A Two-Stage Method for Active Learning of Statistical
		 Grammars",
  author =	"Markus Becker and Miles Osborne",
  bibdate =	"2005-12-09",
  bibsource =	"DBLP,
		 http://dblp.uni-trier.de/db/conf/ijcai/ijcai2005.html#BeckerO05",
  booktitle =	"International Joint Conference on Artificial Intelligence",
  \booktitle =	"{International Joint Conference on Artificial Intelligence}-05, Proceedings of the Nineteenth
		 International Joint Conference on Artificial
		 Intelligence, Edinburgh, Scotland, {UK}, July 30-August
		 5, 2005",
  publisher =	"Professional Book Center",
  year = 	"2005",
  \editor =	"Leslie Pack Kaelbling and Alessandro Saffiotti",
  ISBN = 	"0938075934",
  pages =	"991--996",
  \URL=  	"http://www.ijcai.org/papers/1643.pdf",
}

@conference{conf/ecml/LomaskyBAWF07,
  title =	"Active Class Selection",
  author =	"Rachel Lomasky and Carla E. Brodley and M. Aernecke
		 and D. Walt and Mark A. Friedl",
  bibdate =	"2011-05-24",
  bibsource =	"DBLP,
		 http://dblp.uni-trier.de/db/conf/ecml/ecml2007.html#LomaskyBAWF07",
  booktitle =	"18th European
		 Conference on Machine Learning",
  \booktitle =	"Machine Learning: {ECML} 2007, 18th European
		 Conference on Machine Learning, Warsaw, Poland,
		 September 17-21, 2007, Proceedings",
  publisher =	"Springer",
  year = 	"2007",
  volume =	"4701",
  \editor =	"Joost N. Kok and Jacek Koronacki and Ramon L{\'o}pez
		 de M{\'a}ntaras and Stan Matwin and Dunja Mladenic and
		 Andrzej Skowron",
  ISBN = 	"978-3-540-74957-8",
  pages =	"640--647",
  series =	"Lecture Notes in Computer Science",
  \URL=  	"http://dx.doi.org/10.1007/978-3-540-74958-5_63",
}

@article{arlot2010survey,
  title={A survey of cross-validation procedures for model selection},
  author={Arlot, Sylvain and Celisse, Alain and others},
  journal={Statistics surveys},
  volume={4},
  pages={40--79},
  year={2010},
  publisher={Publicado pelo autor, Creative Commons Attribution License}
}

@article{chen2015study,
  title={A study of active learning methods for named entity recognition in clinical text},
  author={Chen, Yukun and Lasko, Thomas A and Mei, Qiaozhu and Denny, Joshua C and Xu, Hua},
  journal={Journal of biomedical informatics},
  volume={58},
  pages={11--18},
  year={2015},
  publisher={Elsevier}
}

@book{devlin2012joy,
  title={The joy of sets: fundamentals of contemporary set theory},
  author={Devlin, Keith},
  year={2012},
  publisher={Springer Science \& Business Media}
}

@book{evans1996straightforward,
  title={Straightforward statistics for the behavioral sciences},
  author={Evans, James D},
  year={1996},
  publisher={Brooks/Cole}
}

@book{jones2003haskell,
  title={Haskell 98 language and libraries: the revised report},
  author={Jones, Simon L Peyton},
  year={2003},
  publisher={Cambridge University Press}
}

@Article{journals/jmlr/DelgadoCBA14,
  title =	"Do we need hundreds of classifiers to solve real world
		 classification problems?",
  author =	"Manuel Fern{\'a}ndez Delgado and Eva Cernadas and
		 Sen{\'e}n Barro and Dinani Gomes Amorim",
  journal =	"Journal of Machine Learning Research",
  year = 	"2014",
  number =	"1",
  volume =	"15",
  bibdate =	"2015-01-08",
  bibsource =	"DBLP,
		 http://dblp.uni-trier.de/db/journals/jmlr/jmlr15.html#DelgadoCBA14",
  pages =	"3133--3181",
  \URL=  	"http://dl.acm.org/citation.cfm?id=2697065",
}

@article{hamming1950error,
  title={Error detecting and error correcting codes},
  author={Hamming, Richard W},
  journal={Bell System technical journal},
  volume={29},
  number={2},
  pages={147--160},
  year={1950},
  publisher={Wiley Online Library}
}

@conference{conf/mldm/OshiroPB12,
  title =	"How Many Trees in a Random Forest?",
  author =	"Thais Mayumi Oshiro and Pedro Santoro Perez and
		 Jos{\'e} Augusto Baranauskas",
  bibdate =	"2012-07-04",
  bibsource =	"DBLP,
		 http://dblp.uni-trier.de/db/conf/mldm/mldm2012.html#OshiroPB12",
  booktitle =	"Machine Learning and Data Mining in Pattern
		 Recognition",
  \booktitle =	"Machine Learning and Data Mining in Pattern
		 Recognition - 8th International Conference, {MLDM}
		 2012, Berlin, Germany, July 13-20, 2012. Proceedings",
  publisher =	"Springer",
  year = 	"2012",
  volume =	"7376",
  \editor =	"Petra Perner",
  ISBN = 	"978-3-642-31536-7",
  pages =	"154--168",
  series =	"Lecture Notes in Computer Science",
  \URL =  	"http://dx.doi.org/10.1007/978-3-642-31537-4",
}

@Article{journals/csur/Smith-Miles08,
  title =	"Cross-disciplinary perspectives on meta-learning for algorithm selection",
  author =	"Kate Smith-Miles",
  journal =	"ACM Comput. Surv",
  year = 	"2008",
  number =	"1",
  volume =	"41",
  bibdate =	"2015-04-29",
  bibsource =	"DBLP,
		 http://dblp.uni-trier.de/db/journals/csur/csur41.html#Smith-Miles08",
  pages =	"6:1--6:25",
  \URL=  	"http://doi.acm.org/10.1145/1456650.1456656",
}

@InCollection{reference/stat/GibbonsC11,
  title =	"Nonparametric Statistical Inference",
  author =	"Jean Dickinson Gibbons and Subhabrata Chakraborti",
  bibdate =	"2015-05-29",
  bibsource =	"DBLP,
		 http://dblp.uni-trier.de/db/reference/stat/stat2011.html#GibbonsC11",
  booktitle =	"International Encyclopedia of Statistical Science",
  publisher =	"Springer",
  year = 	"2011",
  \editor =	"Miodrag Lovric",
  ISBN = 	"978-3-642-04897-5; 978-3-642-04898-2",
  pages =	"977--979",
  \URL=  	"http://dx.doi.org/10.1007/978-3-642-04898-2",
}

@article{wilkinson2009history,
  title={The history of the cluster heat map},
  author={Wilkinson, Leland and Friendly, Michael},
  journal={The American Statistician},
  volume={63},
  number={2},
  year={2009}
}

@Article{journals/pami/RodriguezKA06,
  title =	"Rotation Forest: {A} New Classifier Ensemble Method",
  author =	"Juan Jos{\'e} Rodr{\'i}guez and Ludmila I. Kuncheva
		 and Carlos J. Alonso",
  journal =	"IEEE Transactions on Pattern Analysis and Machine Intelligence",
  year = 	"2006",
  number =	"10",
  volume =	"28",
  bibdate =	"2007-01-04",
  bibsource =	"DBLP,
		 http://dblp.uni-trier.de/db/journals/pami/pami28.html#RodriguezKA06",
  pages =	"1619--1630",
  \URL=  	"http://doi.ieeecomputersociety.org/10.1109/TPAMI.2006.211",
}

@article{elder2003generalization,
  title={The generalization paradox of ensembles},
  author={Elder-IV, John F},
  journal={Journal of Computational and Graphical Statistics},
  volume={12},
  number={4},
  year={2003}
}

@Book{series/synthesis/2010Seni,
  title =	"Ensemble Methods in Data Mining: Improving Accuracy
		 Through Combining Predictions",
  author =	"Giovanni Seni and John F. Elder-IV",
  publisher =	"Morgan \& Claypool Publishers",
  year = 	"2010",
  bibdate =	"2010-09-10",
  booktitle =	"Ensemble Methods in Data Mining",
  series =	"Synthesis Lectures on Data Mining and Knowledge
		 Discovery",
  \URL=  	"http://dx.doi.org/10.2200/S00240ED1V01Y200912DMK002;
		 http://dx.doi.org/10.2200/S00240ED1V01Y200912DMK002",
}

@conference{conf/icml/FreundS96,
  title =	"Experiments with a New Boosting Algorithm",
  author =	"Yoav Freund and Robert E. Schapire",
  bibdate =	"2011-12-23",
  bibsource =	"DBLP,
		 http://dblp.uni-trier.de/db/conf/icml/icml1996.html#FreundS96",
  booktitle =	"International Conference
on Machine Learning",
  booktitle =	"Machine Learning, Proceedings of the Thirteenth
		 International Conference ({International Conference
on Machine Learning} '96), Bari, Italy,
		 July 3-6, 1996",
  publisher =	"Morgan Kaufmann",
  year = 	"1996",
  \editor =	"Lorenza Saitta",
  ISBN = 	"1-55860-419-7",
  pages =	"148--156",
}

@misc{team2014r,
  title={R: A language and environment for statistical computing. R Foundation for Statistical Computing, Vienna, Austria, 2012},
  author={Team, R Core},
  year={2014},
  publisher={ISBN 3-900051-07-0}
}

@Article{journals/neco/KearnsR99,
  title =	"Algorithmic Stability and Sanity-Check Bounds for
		 Leave-One-Out Cross-Validation",
  author =	"Michael J. Kearns and Dana Ron",
  journal =	"Neural Computation",
  year = 	"1999",
  number =	"6",
  volume =	"11",
  bibdate =	"2011-11-17",
  bibsource =	"DBLP,
		 http://dblp.uni-trier.de/db/journals/neco/neco11.html#KearnsR99",
  pages =	"1427--1453",
  \URL=  	"http://dx.doi.org/10.1162/089976699300016304",
}

@Article{journals/ese/Emam99,
  title =	"Benchmarking Kappa: Interrater Agreement in Software
		 Process Assessments",
  author =	"Khaled El Emam",
  journal =	"Empirical Software Engineering",
  year = 	"1999",
  number =	"2",
  volume =	"4",
  bibdate =	"2002-06-06",
  bibsource =	"DBLP,
		 http://dblp.uni-trier.de/db/journals/ese/ese4.html#Emam99",
  pages =	"113--133",
}

@conference{conf/icml/Joachims00,
  title =	"Estimating the Generalization Performance of an {SVM} Efficiently",
  author =	"Thorsten Joachims",
  bibdate =	"2002-11-26",
  bibsource =	"DBLP,
		 http://dblp.uni-trier.de/db/conf/icml/icml2000.html#Joachims00",
  booktitle =	"International Conference
on Machine Learning",
  booktitle =	"Proceedings of the Seventeenth International
		 Conference on Machine Learning ({International Conference
on Machine Learning} 2000), Stanford
		 University, Stanford, {CA}, {USA}, June 29 - July 2,
		 2000",
  publisher =	"Morgan Kaufmann",
  year = 	"2000",
  \editor =	"Pat Langley",
  ISBN = 	"1-55860-707-2",
  pages =	"431--438",
}

@conference{conf/afips/Miller68,
  title =	"Response time in man-computer conversational
		 transactions",
  author =	"Robert B. Miller",
  publisher =	"Thomson Book Company",
  year = 	"1968",
  volume =	"33",
  bibdate =	"2014-04-02",
  bibsource =	"DBLP,
		 http://dblp.uni-trier.de/db/conf/afips/afips68f1.html#Miller68",
  booktitle =	"Fall Joint Computing Conference",
  \crossref =	"conf/afips/1968f1",
  pages =	"267--277",
  series =	"American Federation of Information Processing Societies Conference Proceedings",
  \URL=  	"http://dl.acm.org/citation.cfm?id=1476589",
}

@conference{conf/ijcai/FayyadI93,
  title =	"Multi-Interval Discretization of Continuous-Valued Attributes for Classification Learning",
  author =	"Usama M. Fayyad and Keki B. Irani",
  bibdate =	"2012-05-15",
  bibsource =	"DBLP,
		 http://dblp.uni-trier.de/db/conf/ijcai/ijcai93.html#FayyadI93",
  booktitle =	"International Joint Conference on Artificial Intelligence",
  booktitle =	"Proceedings of the 13th International Joint Conference
		 on Artificial Intelligence. Chamb{\'e}ry, France,
		 August 28 - September 3, 1993",
  publisher =	"Morgan Kaufmann",
  year = 	"1993",
  \editor =	"Ruzena Bajcsy",
  ISBN = 	"1-55860-300-X",
  pages =	"1022--1029",
}

@article{strobl2009introduction,
  title={An introduction to recursive partitioning: rationale, application, and characteristics of classification and regression trees, bagging, and random forests.},
  author={Strobl, Carolin and Malley, James and Tutz, Gerhard},
  journal={Psychological methods},
  volume={14},
  number={4},
  pages={323},
  year={2009},
  publisher={American Psychological Association}
}

@incollection{dietterich2000ensemble,
  title={Ensemble methods in machine learning},
  author={Dietterich, Thomas G},
  booktitle={Multiple classifier systems},
  pages={1--15},
  year={2000},
  publisher={Springer}
}

@incollection{valentini2002ensembles,
  title={Ensembles of learning machines},
  author={Valentini, Giorgio and Masulli, Francesco},
  booktitle={Neural Nets},
  pages={3--20},
  year={2002},
  publisher={Springer}
}

@article{bauer1999empirical,
  title={An empirical comparison of voting classification algorithms: Bagging, boosting, and variants},
  author={Bauer, Eric and Kohavi, Ron},
  journal={Machine learning},
  volume={36},
  number={1-2},
  pages={105--139},
  year={1999},
  publisher={Springer}
}

@article{hansen1990neural,
  title={Neural network ensembles},
  author={Hansen, Lars Kai and Salamon, Peter},
  journal={IEEE Transactions on Pattern Analysis \& Machine Intelligence},
  number={10},
  pages={993--1001},
  year={1990},
  publisher={IEEE}
}

@article{schapire1990strength,
  title={The strength of weak learnability},
  author={Schapire, Robert E},
  journal={Machine learning},
  volume={5},
  number={2},
  pages={197--227},
  year={1990},
  publisher={Springer}
}

@inproceedings{Melville:2004:DEA:1015330.1015385,
 author = {Melville, Prem and Mooney, Raymond J.},
 title = {Diverse Ensembles for Active Learning},
 booktitle = {Proceedings of the Twenty-first International Conference on Machine Learning},
 \series = {International Conference
on Machine Learning '04},
 year = {2004},
 isbn = {1-58113-838-5},
 location = {Banff, Alberta, Canada},
 pages = {74--},
 \url = {http://doi.acm.org/10.1145/1015330.1015385},
 doi = {10.1145/1015330.1015385},
 acmid = {1015385},
 publisher = {ACM},
 address = {New York, NY, USA},
} 

@article{breiman1996bagging,
  title={Bagging predictors},
  author={Breiman, Leo},
  journal={Machine learning},
  volume={24},
  number={2},
  pages={123--140},
  year={1996},
  publisher={Springer}
}

@mastersthesis{colares2005processo,
  title={Processo de Indu{\c{c}}{\~a}o e Ranqueamento de {\'A}rvores de Decis{\~a}o Sobre Modelos Olap. 2011. 109 f},
  author={COLARES, Peterson Fernandes},
  year={2005},
  school={Pontif{\'\i}cia Universidade Cat{\'o}lica do Rio Grande do Sul}
}

@inproceedings{schmidt1992feedforward,
  title={Feedforward neural networks with random weights},
  author={Schmidt, Wouter F and Kraaijveld, Martin and Duin, Robert PW and others},
  booktitle={Proceedings of the 11th International Conference on Pattern Recognition Methodology and Systems},
  pages={1--4},
  volume=2,
  year={1992},
  organization={IEEE}
}

@book{godel1957sources,
  title={Les Sources manuscrites du" Cours de linguistique generale" de F. de Saussure.-Geneve: Droz [usw.] 1957. 282 S. 4¬∞},
  author={Godel, Robert},
  volume={61},
  year={1957},
  publisher={Universit{\'e} de Gen{\`e}ve}
}

@misc{saussure1972curso,
  title={Curso de ling{\"u}{\'\i}stica geral. Trad. Ant{\^o}nio Chelini, Jos{\'e} Paulo Paes e Izidoro Blikstein},
  author={Saussure, Ferdinand de},
  year={1972},
  publisher={S{\~a}o Paulo: Cultrix/USP}
}

@book{lima1973gramatica,
  title={Gram{\'a}tica normativa da l{\'\i}ngua portuguesa},
  author={Lima, Rocha},
  year={1973},
  publisher={J. Olympio}
}

@book{amorim2012gramatica,
  title={Gram{\'a}tica da l{\'\i}ngua portuguesa},
  author={Amorim, Clara and Sousa, Catarina and Vilela, M{\'a}rio},
  year={2012},
  publisher={Areal Editores}
}

@book{casteleiro2009vocabulario,
  title={Vocabul{\'a}rio ortogr{\'a}fico da l{\'\i}ngua portuguesa},
  author={Casteleiro, Jo{\~a}o Malaca and Teixeira, Graciete},
  year={2009},
  publisher={Porto Ed.}
}

@Article{journals/ml/BrazdilSC03,
  title =	"Ranking Learning Algorithms: Using {IBL} and
		 Meta-Learning on Accuracy and Time Results",
  author =	"Pavel Brazdil and Carlos Soares and Joaquim Pinto da
		 Costa",
  journal =	"Machine Learning",
  year = 	"2003",
  number =	"3",
  volume =	"50",
  bibdate =	"2011-05-26",
  bibsource =	"DBLP,
		 http://dblp.uni-trier.de/db/journals/ml/ml50.html#BrazdilSC03",
  pages =	"251--277",
  \URL=  	"http://dx.doi.org/10.1023/A:1021713901879",
}

@Book{books/cu/Japkowicz2011,
  title =	"Evaluating Learning Algorithms: {A} Classification
		 Perspective",
  publisher =	"Cambridge University Press",
  year = 	"2011",
  bibdate =	"2011-09-27",
  author =	"Nathalie Japkowicz and Mohak Shah",
  ISBN = 	"9780521196000",
}

@InProceedings{conf/kdd/ShengPI08,
  title =	"Get another label? improving data quality and data
		 mining using multiple, noisy labelers",
  author =	"Victor S. Sheng and Foster J. Provost and Panagiotis
		 G. Ipeirotis",
  bibdate =	"2009-09-03",
  bibsource =	"DBLP,
		 http://dblp.uni-trier.de/db/conf/kdd/kdd2008.html#ShengPI08",
  booktitle =	"Proceedings of the 14th International
		 Conference on Knowledge Discovery and Data Mining",
  \booktitle =	"Proceedings of the 14th {ACM} {SIGKDD} International
		 Conference on Knowledge Discovery and Data Mining, Las
		 Vegas, Nevada, {USA}, August 24-27, 2008",
  publisher =	"ACM",
  year = 	"2008",
  editor =	"Ying Li and Bing Liu 0001 and Sunita Sarawagi",
  ISBN = 	"978-1-60558-193-4",
  pages =	"614--622",
  \URL =  	"http://doi.acm.org/10.1145/1401890.1401965",
}

@Article{journals/datamine/IpeirotisPSW14,
  title =	"Repeated labeling using multiple noisy labelers",
  author =	"Panagiotis G. Ipeirotis and Foster J. Provost and
		 Victor S. Sheng and Jing Wang",
  journal =	"Data Mining Knowledge Discovery",
  year = 	"2014",
  number =	"2",
  volume =	"28",
  bibdate =	"2014-01-13",
  bibsource =	"DBLP,
		 http://dblp.uni-trier.de/db/journals/datamine/datamine28.html#IpeirotisPSW14",
  pages =	"402--441",
  \URL =  	"http://dx.doi.org/10.1007/s10618-013-0306-1",
}

@book{fleiss2013statistical,
  title={Statistical methods for rates and proportions},
  author={Fleiss, Joseph L and Levin, Bruce and Paik, Myunghee Cho},
  year={2013},
  publisher={John Wiley \& Sons}
}

@article{santafe2015dealing,
  title={Dealing with the evaluation of supervised classification algorithms},
  author={Santafe, Guzman and Inza, I{\~n}aki and Lozano, Jose A},
  journal={Artificial Intelligence Review},
  volume={44},
  number={4},
  pages={467--508},
  year={2015},
  publisher={Springer}
}

@article{mahalanobis1936generalized,
  title={On the generalized distance in statistics},
  author={Mahalanobis, Prasanta Chandra},
  journal={Proceedings of the National Institute of Sciences (Calcutta)},
  volume={2},
  pages={49--55},
  year={1936}
}

@Book{books/wa/BreimanFOS84,
  title =	"Classification and Regression Trees",
  author =	"Leo Breiman and J. H. Friedman and R. A. Olshen and C.
		 J. Stone",
  publisher =	"Wadsworth",
  year = 	"1984",
  bibdate =	"2002-01-03",
  ISBN = 	"0-534-98053-8",
}

@article{scikit-learn,
 title={Scikit-learn: Machine Learning in {P}ython},
 author={Pedregosa, F. and Varoquaux, G. and Gramfort, A. and Michel, V.
         and Thirion, B. and Grisel, O. and Blondel, M. and Prettenhofer, P.
         and Weiss, R. and Dubourg, V. and Vanderplas, J. and Passos, A. and
         Cournapeau, D. and Brucher, M. and Perrot, M. and Duchesnay, E.},
 journal={Journal of Machine Learning Research},
 volume={12},
 pages={2825--2830},
 year={2011}
}

@article{lobo2008auc,
  title={AUC: a misleading measure of the performance of predictive distribution models},
  author={Lobo, Jorge M and Jim{\'e}nez-Valverde, Alberto and Real, Raimundo},
  journal={Global ecology and Biogeography},
  volume={17},
  number={2},
  pages={145--151},
  year={2008},
  publisher={Wiley Online Library}
}

@article{honore2006praise,
  title={In Praise of Slowness},
  author={Honore, Carl},
  journal={Law Prac.},
  volume={32},
  pages={34},
  year={2006},
  publisher={HeinOnline}
}

@article{popper1959survey,
  title={A survey of some fundamental problems},
  author={Popper, Karl},
  journal={The logic of scientific discovery},
  pages={27--47},
  year={1959}
}

@book{asimov2007last,
  title={The last question},
  author={Asimov, Isaac and Flick, Bob E and Gallant, Jim and Theatre, Third Ear Radio},
  year={2007},
  publisher={Ziggurat Productions}
}