@article{krogh1995neural,
  title={Neural network ensembles, cross validation, and active learning},
  author={Krogh, Anders and Vedelsby, Jesper and others},
  journal={Advances in neural information processing systems},
  pages={231--238},
  year={1995},
  publisher={Morgan Kaufmann Publishers}
}

@article{cohn1996active,
  title={Active learning with statistical models},
  author={Cohn, David A and Ghahramani, Zoubin and Jordan, Michael I},
  journal={arXiv preprint cs/9603104},
  year={1996}
}

@article{cohn1994improving,
  title={Improving generalization with active learning},
  author={Cohn, David and Atlas, Les and Ladner, Richard},
  journal={Machine learning},
  volume={15},
  number={2},
  pages={201--221},
  year={1994},
  publisher={Springer}
}

@inproceedings{schohn2000less,
  title={Less is more: Active learning with support vector machines},
  author={Schohn, Greg and Cohn, David},
  booktitle={ICML},
  pages={839--846},
  year={2000},
  organization={Citeseer}
}

@inproceedings{thompson1999active,
  title={Active learning for natural language parsing and information extraction},
  author={Thompson, Cynthia A and Califf, Mary Elaine and Mooney, Raymond J},
  booktitle={ICML},
  pages={406--414},
  year={1999},
  organization={Citeseer}
}

@inproceedings{nguyen2004active,
  title={Active learning using pre-clustering},
  author={Nguyen, Hieu T and Smeulders, Arnold},
  booktitle={Proceedings of the twenty-first international conference on Machine learning},
  pages={79},
  year={2004},
  organization={ACM}
}

@inproceedings{zhu2003combining,
  title={Combining active learning and semi-supervised learning using gaussian fields and harmonic functions},
  author={Zhu, Xiaojin and Lafferty, John and Ghahramani, Zoubin},
  booktitle={ICML 2003 workshop on the continuum from labeled to unlabeled data in machine learning and data mining},
  pages={58--65},
  year={2003}
}

@inproceedings{brinker2003incorporating,
  title={Incorporating diversity in active learning with support vector machines},
  author={Brinker, Klaus},
  booktitle={ICML},
  volume={3},
  pages={59--66},
  year={2003}
}

@inproceedings{balcan2006agnostic,
  title={Agnostic active learning},
  author={Balcan, Maria-Florina and Beygelzimer, Alina and Langford, John},
  booktitle={Proceedings of the 23rd international conference on Machine learning},
  pages={65--72},
  year={2006},
  organization={ACM}
}

@article{thrun1992efficient,
  title={Efficient exploration in reinforcement learning},
  author={Thrun, Sebastian B},
  year={1992},
  publisher={Citeseer}
}

@inproceedings{luo2004active,
  title={Active learning to recognize multiple types of plankton},
  author={Luo, Tong and Kramer, Kurt and Samson, S and Remsen, A and Goldgof, DB and Hall, LO and Hopkins, Thomas},
  booktitle={Pattern Recognition, 2004. ICPR 2004. Proceedings of the 17th International Conference on},
  volume={3},
  pages={478--481},
  year={2004},
  organization={IEEE}
}

@inproceedings{thompson1999active,
  title={Active learning for natural language parsing and information extraction},
  author={Thompson, Cynthia A and Califf, Mary Elaine and Mooney, Raymond J},
  booktitle={ICML},
  pages={406--414},
  year={1999},
  organization={Citeseer}
}

@inproceedings{dasgupta2005coarse,
  title={Coarse sample complexity bounds for active learning},
  author={Dasgupta, Sanjoy},
  booktitle={Advances in neural information processing systems},
  pages={235--242},
  year={2005}
}

@inproceedings{settles2008analysis,
  title={An analysis of active learning strategies for sequence labeling tasks},
  author={Settles, Burr and Craven, Mark},
  booktitle={Proceedings of the Conference on Empirical Methods in Natural Language Processing},
  pages={1070--1079},
  year={2008},
  organization={Association for Computational Linguistics}
}

@article{murphy2001active,
  title={Active learning of causal Bayes net structure},
  author={Murphy, Kevin P},
  year={2001},
  publisher={Citeseer}
}

@inproceedings{luo2004active,
  title={Active learning to recognize multiple types of plankton},
  author={Luo, Tong and Kramer, Kurt and Samson, S and Remsen, A and Goldgof, DB and Hall, LO and Hopkins, Thomas},
  booktitle={Pattern Recognition, 2004. ICPR 2004. Proceedings of the 17th International Conference on},
  volume={3},
  pages={478--481},
  year={2004},
  organization={IEEE}
}

@inproceedings{tong2001active,
  title={Active learning for structure in Bayesian networks},
  author={Tong, Simon and Koller, Daphne},
  booktitle={International joint conference on artificial intelligence},
  volume={17},
  number={1},
  pages={863--869},
  year={2001},
  organization={LAWRENCE ERLBAUM ASSOCIATES LTD}
}

@inproceedings{shen2004multi,
  title={Multi-criteria-based active learning for named entity recognition},
  author={Shen, Dan and Zhang, Jie and Su, Jian and Zhou, Guodong and Tan, Chew-Lim},
  booktitle={Proceedings of the 42nd Annual Meeting on Association for Computational Linguistics},
  pages={589},
  year={2004},
  organization={Association for Computational Linguistics}
}

@inproceedings{tong2000active,
  title={Active learning for parameter estimation in Bayesian networks},
  author={Tong, Simon and Koller, Daphne},
  booktitle={NIPS},
  volume={13},
  pages={647--653},
  year={2000},
  organization={Citeseer}
}

@inproceedings{hakkani2002active,
  title={Active learning for automatic speech recognition},
  author={Hakkani-Tur, Dilek and Riccardi, Giuseppe and Gorin, Allen},
  booktitle={Acoustics, Speech, and Signal Processing (ICASSP), 2002 IEEE International Conference on},
  volume={4},
  pages={IV--3904},
  year={2002},
  organization={IEEE}
}

@inproceedings{ertekin2007active,
  title={Active learning for class imbalance problem},
  author={Ertekin, Seyda and Huang, Jian and Giles, C Lee},
  booktitle={Proceedings of the 30th annual international ACM SIGIR conference on Research and development in information retrieval},
  pages={823--824},
  year={2007},
  organization={ACM}
}

@book{kendrick1981stochastic,
  title={Stochastic control for economic models},
  author={Kendrick, David A},
  year={1981},
  publisher={McGraw-Hill New York}
}

@article{sivaraman2010general,
  title={A general active-learning framework for on-road vehicle recognition and tracking},
  author={Sivaraman, Sayanan and Trivedi, Mohan M},
  journal={Intelligent Transportation Systems, IEEE Transactions on},
  volume={11},
  number={2},
  pages={267--276},
  year={2010},
  publisher={IEEE}
}

@book{quionero2009dataset,
  title={Dataset shift in machine learning},
  author={Quionero-Candela, Joaquin and Sugiyama, Masashi and Schwaighofer, Anton and Lawrence, Neil D},
  year={2009},
  publisher={The MIT Press}
}

@article{riccardi2005active,
  title={Active learning: Theory and applications to automatic speech recognition},
  author={Riccardi, Giuseppe and Hakkani-Tur, Dilek},
  journal={Speech and Audio Processing, IEEE Transactions on},
  volume={13},
  number={4},
  pages={504--511},
  year={2005},
  publisher={IEEE}
}

@article{mckinney2008active,
  title={Active learning},
  author={McKinney, Kathleen},
  journal={Center for Teaching, Learning, and Technology (Illinois State University). http://www. cat. ilstu. edu/additional/tips/newActive. php. Fecha de consulta},
  volume={28},
  year={2008}
}

@inproceedings{chan2007domain,
  title={Domain adaptation with active learning for word sense disambiguation},
  author={Chan, Yee Seng and Ng, Hwee Tou},
  booktitle={ANNUAL MEETING-ASSOCIATION FOR COMPUTATIONAL LINGUISTICS},
  volume={45},
  number={1},
  pages={49},
  year={2007},
  organization={Citeseer}
}

@article{balcan2010true,
  title={The true sample complexity of active learning},
  author={Balcan, Maria-Florina and Hanneke, Steve and Vaughan, Jennifer Wortman},
  journal={Machine learning},
  volume={80},
  number={2-3},
  pages={111--139},
  year={2010},
  publisher={Springer}
}

@inproceedings{jin2004bayesian,
  title={A bayesian approach toward active learning for collaborative filtering},
  author={Jin, Rong and Si, Luo},
  booktitle={Proceedings of the 20th conference on Uncertainty in artificial intelligence},
  pages={278--285},
  year={2004},
  organization={AUAI Press}
}

@inproceedings{sassano2002empirical,
  title={An empirical study of active learning with support vector machines for Japanese word segmentation},
  author={Sassano, Manabu},
  booktitle={Proceedings of the 40th Annual Meeting on Association for Computational Linguistics},
  pages={505--512},
  year={2002},
  organization={Association for Computational Linguistics}
}

@article{dasgupta2011two,
  title={Two faces of active learning},
  author={Dasgupta, Sanjoy},
  journal={Theoretical computer science},
  volume={412},
  number={19},
  pages={1767--1781},
  year={2011},
  publisher={Elsevier}
}

@article{hasenjager1998active,
  title={Active learning with local models},
  author={Hasenj{\"a}ger, Martina and Ritter, Helge},
  journal={Neural Processing Letters},
  volume={7},
  number={2},
  pages={107--117},
  year={1998},
  publisher={Springer}
}

@inproceedings{kim2006mmr,
  title={Mmr-based active machine learning for bio named entity recognition},
  author={Kim, Seokhwan and Song, Yu and Kim, Kyungduk and Cha, Jeong-Won and Lee, Gary Geunbae},
  booktitle={Proceedings of the Human Language Technology Conference of the NAACL, Companion Volume: Short Papers},
  pages={69--72},
  year={2006},
  organization={Association for Computational Linguistics}
}

@inproceedings{he2007nearest,
  title={Nearest-neighbor-based active learning for rare category detection},
  author={He, Jingrui and Carbonell, Jaime G},
  booktitle={Advances in neural information processing systems},
  pages={633--640},
  year={2007}
}

@article{juszczak2006learning,
  title={Learning to recognise: a study on one-class classification and active learning},
  author={Juszczak, Piotr},
  year={2006}
}

@inproceedings{scheffer2001active,
  title={Active learning of partially hidden markov models},
  author={Scheffer, Tobias and Wrobel, Stefan},
  booktitle={In Proceedings of the ECML/PKDD Workshop on Instance Selection},
  year={2001},
  organization={Citeseer}
}

@book{healey2004engaging,
  title={Engaging students in active learning: case studies in geography, environment and related disciplines},
  author={Healey, Michael J and Roberts, Jane},
  year={2004},
  publisher={Geography discipline network, University of Gloucestershire}
}

@book{cratty1971active,
  title={Active learning: Games to enhance academic abilities},
  author={Cratty, Bryant J},
  year={1971},
  publisher={Prentice-Hall}
}

@book{tarbuck2005earth,
  title={Earth: an introduction to physical geology},
  author={Tarbuck, Edward J and Lutgens, Frederick K and Tasa, Dennis and Josephs, Richard},
  year={2005},
  publisher={Pearson/Prentice Hall}
}

@inproceedings{siddiquie2010beyond,
  title={Beyond active noun tagging: Modeling contextual interactions for multi-class active learning},
  author={Siddiquie, Behjat and Gupta, Abhinav},
  booktitle={Computer Vision and Pattern Recognition (CVPR), 2010 IEEE Conference on},
  pages={2979--2986},
  year={2010},
  organization={IEEE}
}

@inproceedings{warmuth2001active,
  title={Active Learning in the Drug Discovery Process.},
  author={Warmuth, Manfred K and R{\"a}tsch, Gunnar and Mathieson, Michael and Liao, Jun and Lemmen, Christian},
  booktitle={NIPS},
  pages={1449--1456},
  year={2001}
}

@inproceedings{banko2001scaling,
  title={Scaling to very very large corpora for natural language disambiguation},
  author={Banko, Michele and Brill, Eric},
  booktitle={Proceedings of the 39th Annual Meeting on Association for Computational Linguistics},
  pages={26--33},
  year={2001},
  organization={Association for Computational Linguistics}
}

@article{pasolli2011support,
  title={Support vector machine active learning through significance space construction},
  author={Pasolli, Edoardo and Melgani, Farid and Bazi, Yakoub},
  journal={Geoscience and Remote Sensing Letters, IEEE},
  volume={8},
  number={3},
  pages={431--435},
  year={2011},
  publisher={IEEE}
}

@inproceedings{ireson2005evaluating,
  title={Evaluating machine learning for information extraction},
  author={Ireson, Neil and Ciravegna, Fabio and Califf, Mary Elaine and Freitag, Dayne and Kushmerick, Nicholas and Lavelli, Alberto},
  booktitle={Proceedings of the 22nd international conference on Machine learning},
  pages={345--352},
  year={2005},
  organization={ACM}
}

@incollection{melville2005active,
  title={Active learning for probability estimation using Jensen-Shannon divergence},
  author={Melville, Prem and Yang, Stewart M and Saar-Tsechansky, Maytal and Mooney, Raymond},
  booktitle={Machine Learning: ECML 2005},
  pages={268--279},
  year={2005},
  publisher={Springer}
}

@inproceedings{finn2003active,
  title={Active learning selection strategies for information extraction},
  author={Finn, Aidan and Kushmerick, Nicolas},
  booktitle={Proceedings of the International Workshop on Adaptive Text Extraction and Mining (ATEM-03)},
  pages={18--25},
  year={2003}
}

@inproceedings{mangasarian2000active,
  title={Active support vector machine classification},
  author={Mangasarian, Olvi L and Musicant, David R},
  booktitle={NIPS},
  pages={577--583},
  year={2000},
  organization={Citeseer}
}

@inproceedings{ngai2001transformation,
  title={Transformation-based learning in the fast lane},
  author={Ngai, Grace and Florian, Radu},
  booktitle={Proceedings of the second meeting of the North American Chapter of the Association for Computational Linguistics on Language technologies},
  pages={1--8},
  year={2001},
  organization={Association for Computational Linguistics}
}

@incollection{roth2006margin,
  title={Margin-based active learning for structured output spaces},
  author={Roth, Dan and Small, Kevin},
  booktitle={Machine Learning: ECML 2006},
  pages={413--424},
  year={2006},
  publisher={Springer}
}

@inproceedings{duan2008guided,
  title={Guided problem diagnosis through active learning},
  author={Duan, Songyun and Babu, Shivnath},
  booktitle={Autonomic Computing, 2008. ICAC'08. International Conference on},
  pages={45--54},
  year={2008},
  organization={IEEE}
}

@article{finn2006learning,
  title={Learning to classify documents according to genre},
  author={Finn, Aidan and Kushmerick, Nicholas},
  journal={Journal of the American Society for Information Science and Technology},
  volume={57},
  number={11},
  pages={1506--1518},
  year={2006},
  publisher={Wiley Online Library}
}

@inproceedings{jain2010hashing,
  title={Hashing hyperplane queries to near points with applications to large-scale active learning},
  author={Jain, Prateek and Vijayanarasimhan, Sudheendra and Grauman, Kristen},
  booktitle={Advances in Neural Information Processing Systems},
  pages={928--936},
  year={2010}
}

@inproceedings{dasgupta2008hierarchical,
  title={Hierarchical sampling for active learning},
  author={Dasgupta, Sanjoy and Hsu, Daniel},
  booktitle={Proceedings of the 25th international conference on Machine learning},
  pages={208--215},
  year={2008},
  organization={ACM}
}

@inproceedings{settles2008multiple,
  title={Multiple-instance active learning},
  author={Settles, Burr and Craven, Mark and Ray, Soumya},
  booktitle={Advances in neural information processing systems},
  pages={1289--1296},
  year={2008}
}

@inproceedings{hoi2006batch,
  title={Batch mode active learning and its application to medical image classification},
  author={Hoi, Steven CH and Jin, Rong and Zhu, Jianke and Lyu, Michael R},
  booktitle={Proceedings of the 23rd international conference on Machine learning},
  pages={417--424},
  year={2006},
  organization={ACM}
}

@inproceedings{hanneke2007bound,
  title={A bound on the label complexity of agnostic active learning},
  author={Hanneke, Steve},
  booktitle={Proceedings of the 24th international conference on Machine learning},
  pages={353--360},
  year={2007},
  organization={ACM}
}

@inproceedings{yan2003automatically,
  title={Automatically labeling video data using multi-class active learning},
  author={Yan, Rong and Yang, Lei and Hauptmann, Alexander},
  booktitle={Computer Vision, 2003. Proceedings. Ninth IEEE International Conference on},
  pages={516--523},
  year={2003},
  organization={IEEE}
}

@inproceedings{kapoor2007active,
  title={Active learning with gaussian processes for object categorization},
  author={Kapoor, Ashish and Grauman, Kristen and Urtasun, Raquel and Darrell, Trevor},
  booktitle={Computer Vision, 2007. ICCV 2007. IEEE 11th International Conference on},
  pages={1--8},
  year={2007},
  organization={IEEE}
}

@inproceedings{hakkani2002active,
  title={Active learning for automatic speech recognition},
  author={Hakkani-Tur, Dilek and Riccardi, Giuseppe and Gorin, Allen},
  booktitle={Acoustics, Speech, and Signal Processing (ICASSP), 2002 IEEE International Conference on},
  volume={4},
  pages={IV--3904},
  year={2002},
  organization={IEEE}
}

@article{fukumizu2000statistical,
  title={Statistical active learning in multilayer perceptrons},
  author={Fukumizu, Kenji},
  journal={Neural Networks, IEEE Transactions on},
  volume={11},
  number={1},
  pages={17--26},
  year={2000},
  publisher={IEEE}
}

@article{mitra2004probabilistic,
  title={A probabilistic active support vector learning algorithm},
  author={Mitra, Pabitra and Murthy, CA and Pal, Sankar K},
  journal={Pattern Analysis and Machine Intelligence, IEEE Transactions on},
  volume={26},
  number={3},
  pages={413--418},
  year={2004},
  publisher={IEEE}
}

@inproceedings{guo2008discriminative,
  title={Discriminative batch mode active learning},
  author={Guo, Yuhong and Schuurmans, Dale},
  booktitle={Advances in neural information processing systems},
  pages={593--600},
  year={2008}
}

@article{sivaraman2010general,
  title={A general active-learning framework for on-road vehicle recognition and tracking},
  author={Sivaraman, Sayanan and Trivedi, Mohan M},
  journal={Intelligent Transportation Systems, IEEE Transactions on},
  volume={11},
  number={2},
  pages={267--276},
  year={2010},
  publisher={IEEE}
}

@inproceedings{pelleg2004active,
  title={Active learning for anomaly and rare-category detection},
  author={Pelleg, Dan and Moore, Andrew W},
  booktitle={Advances in Neural Information Processing Systems},
  pages={1073--1080},
  year={2004}
}

@inproceedings{willett2005faster,
  title={Faster rates in regression via active learning},
  author={Willett, Rebecca and Nowak, Robert and Castro, Rui M},
  booktitle={Advances in Neural Information Processing Systems},
  pages={179--186},
  year={2005}
}

@book{xu2007incorporating,
  title={Incorporating diversity and density in active learning for relevance feedback},
  author={Xu, Zuobing and Akella, Ram and Zhang, Yi},
  year={2007},
  publisher={Springer}
}

@incollection{donmez2007dual,
  title={Dual strategy active learning},
  author={Donmez, Pinar and Carbonell, Jaime G and Bennett, Paul N},
  booktitle={Machine Learning: ECML 2007},
  pages={116--127},
  year={2007},
  publisher={Springer}
}

@inproceedings{krause2007nonmyopic,
  title={Nonmyopic active learning of gaussian processes: an exploration-exploitation approach},
  author={Krause, Andreas and Guestrin, Carlos},
  booktitle={Proceedings of the 24th international conference on Machine learning},
  pages={449--456},
  year={2007},
  organization={ACM}
}

@incollection{collins2008towards,
  title={Towards scalable dataset construction: An active learning approach},
  author={Collins, Brendan and Deng, Jia and Li, Kai and Fei-Fei, Li},
  booktitle={Computer Vision--ECCV 2008},
  pages={86--98},
  year={2008},
  publisher={Springer}
}

@article{sugiyama2006active,
  title={Active learning in approximately linear regression based on conditional expectation of generalization error},
  author={Sugiyama, Masashi},
  journal={The Journal of Machine Learning Research},
  volume={7},
  pages={141--166},
  year={2006},
  publisher={JMLR. org}
}

@inproceedings{chen2006empirical,
  title={An empirical study of the behavior of active learning for word sense disambiguation},
  author={Chen, Jinying and Schein, Andrew and Ungar, Lyle and Palmer, Martha},
  booktitle={Proceedings of the main conference on Human Language Technology Conference of the North American Chapter of the Association of Computational Linguistics},
  pages={120--127},
  year={2006},
  organization={Association for Computational Linguistics}
}

@inproceedings{druck2009active,
  title={Active learning by labeling features},
  author={Druck, Gregory and Settles, Burr and McCallum, Andrew},
  booktitle={Proceedings of the 2009 Conference on Empirical Methods in Natural Language Processing: Volume 1-Volume 1},
  pages={81--90},
  year={2009},
  organization={Association for Computational Linguistics}
}

@inproceedings{guo2007optimistic,
  title={Optimistic Active-Learning Using Mutual Information.},
  author={Guo, Yuhong and Greiner, Russell},
  booktitle={IJCAI},
  volume={7},
  pages={823--829},
  year={2007}
}

@article{fukumizu1996active,
  title={Active learning in multilayer perceptrons},
  author={Fukumizu, Kenji},
  journal={Advances in neural information processing systems},
  pages={295--301},
  year={1996},
  publisher={Morgan Kaufmann Publishers}
}

@incollection{francke2007real,
  title={Real-time hand gesture detection and recognition using boosted classifiers and active learning},
  author={Francke, Hardy and Ruiz-del-Solar, Javier and Verschae, Rodrigo},
  booktitle={Advances in Image and Video Technology},
  pages={533--547},
  year={2007},
  publisher={Springer}
}

@inproceedings{osugi2005balancing,
  title={Balancing exploration and exploitation: A new algorithm for active machine learning},
  author={Osugi, Thomas and Kim, Deng and Scott, Stephen},
  booktitle={Data Mining, Fifth IEEE International Conference on},
  pages={8--pp},
  year={2005},
  organization={IEEE}
}

@article{kulkarni1993active,
  title={Active learning using arbitrary binary valued queries},
  author={Kulkarni, Sanjeev R and Mitter, Sanjoy K and Tsitsiklis, John N},
  journal={Machine Learning},
  volume={11},
  number={1},
  pages={23--35},
  year={1993},
  publisher={Springer}
}

@inproceedings{beygelzimer2010agnostic,
  title={Agnostic active learning without constraints},
  author={Beygelzimer, Alina and Langford, John and Tong, Zhang and Hsu, Daniel J},
  booktitle={Advances in Neural Information Processing Systems},
  pages={199--207},
  year={2010}
}

@article{castro2008minimax,
  title={Minimax bounds for active learning},
  author={Castro, Rui M and Nowak, Robert D},
  journal={Information Theory, IEEE Transactions on},
  volume={54},
  number={5},
  pages={2339--2353},
  year={2008},
  publisher={IEEE}
}

@article{liu2004selective,
  title={A selective sampling approach to active feature selection},
  author={Liu, Huan and Motoda, Hiroshi and Yu, Lei},
  journal={Artificial Intelligence},
  volume={159},
  number={1},
  pages={49--74},
  year={2004},
  publisher={Elsevier}
}

@inproceedings{doshi2008reinforcement,
  title={Reinforcement learning with limited reinforcement: Using Bayes risk for active learning in POMDPs},
  author={Doshi, Finale and Pineau, Joelle and Roy, Nicholas},
  booktitle={Proceedings of the 25th international conference on Machine learning},
  pages={256--263},
  year={2008},
  organization={ACM}
}

@book{jaulmes2005active,
  title={Active learning in partially observable markov decision processes},
  author={Jaulmes, Robin and Pineau, Joelle and Precup, Doina},
  year={2005},
  publisher={Springer}
}

@inproceedings{bilgic2010active,
  title={Active learning for networked data},
  author={Bilgic, Mustafa and Mihalkova, Lilyana and Getoor, Lise},
  booktitle={Proceedings of the 27th International Conference on Machine Learning (ICML-10)},
  pages={79--86},
  year={2010}
}

@article{vlachos2008stopping,
  title={A stopping criterion for active learning},
  author={Vlachos, Andreas},
  journal={Computer Speech \& Language},
  volume={22},
  number={3},
  pages={295--312},
  year={2008},
  publisher={Elsevier}
}

@article{tuia2011using,
  title={Using active learning to adapt remote sensing image classifiers},
  author={Tuia, D and Pasolli, E and Emery, WJ},
  journal={Remote Sensing of Environment},
  volume={115},
  number={9},
  pages={2232--2242},
  year={2011},
  publisher={Elsevier}
}

@incollection{lopes2009active,
  title={Active learning for reward estimation in inverse reinforcement learning},
  author={Lopes, Manuel and Melo, Francisco and Montesano, Luis},
  booktitle={Machine Learning and Knowledge Discovery in Databases},
  pages={31--46},
  year={2009},
  publisher={Springer}
}

@incollection{hanneke2007teaching,
  title={Teaching dimension and the complexity of active learning},
  author={Hanneke, Steve},
  booktitle={Learning Theory},
  pages={66--81},
  year={2007},
  publisher={Springer}
}

@inproceedings{golovin2010near,
  title={Near-optimal Bayesian active learning with noisy observations},
  author={Golovin, Daniel and Krause, Andreas and Ray, Debajyoti},
  booktitle={Advances in Neural Information Processing Systems},
  pages={766--774},
  year={2010}
}

@article{kanamori2003active,
  title={Active learning algorithm using the maximum weighted log-likelihood estimator},
  author={Kanamori, Takafumi and Shimodaira, Hidetoshi},
  journal={Journal of Statistical Planning and Inference},
  volume={116},
  number={1},
  pages={149--162},
  year={2003},
  publisher={Elsevier}
}

@inproceedings{martinez2007active,
  title={Active Policy Learning for Robot Planning and Exploration under Uncertainty.},
  author={Martinez-Cantin, Ruben and de Freitas, Nando and Doucet, Arnaud and Castellanos, Jos{\'e} A},
  booktitle={Robotics: Science and Systems},
  pages={321--328},
  year={2007}
}

@inproceedings{holub2008entropy,
  title={Entropy-based active learning for object recognition},
  author={Holub, Alex and Perona, Pietro and Burl, Michael C},
  booktitle={Computer Vision and Pattern Recognition Workshops, 2008. CVPRW'08. IEEE Computer Society Conference on},
  pages={1--8},
  year={2008},
  organization={IEEE}
}

@inproceedings{siddiquie2010beyond,
  title={Beyond active noun tagging: Modeling contextual interactions for multi-class active learning},
  author={Siddiquie, Behjat and Gupta, Abhinav},
  booktitle={Computer Vision and Pattern Recognition (CVPR), 2010 IEEE Conference on},
  pages={2979--2986},
  year={2010},
  organization={IEEE}
}

@inproceedings{ringger2007active,
  title={Active learning for part-of-speech tagging: Accelerating corpus annotation},
  author={Ringger, Eric and McClanahan, Peter and Haertel, Robbie and Busby, George and Carmen, Marc and Carroll, James and Seppi, Kevin and Lonsdale, Deryle},
  booktitle={Proceedings of the Linguistic Annotation Workshop},
  pages={101--108},
  year={2007},
  organization={Association for Computational Linguistics}
}

@inproceedings{zheng2002active,
  title={On active learning for data acquisition},
  author={Zheng, Zhiqiang and Padmanabhan, Balaji},
  booktitle={Data Mining, 2002. ICDM 2003. Proceedings. 2002 IEEE International Conference on},
  pages={562--569},
  year={2002},
  organization={IEEE}
}

@article{echard2011ak,
  title={AK-MCS: an active learning reliability method combining Kriging and Monte Carlo simulation},
  author={Echard, B and Gayton, N and Lemaire, M},
  journal={Structural Safety},
  volume={33},
  number={2},
  pages={145--154},
  year={2011},
  publisher={Elsevier}
}

@inproceedings{golovin2010adaptive,
  title={Adaptive Submodularity: A New Approach to Active Learning and Stochastic Optimization.},
  author={Golovin, Daniel and Krause, Andreas},
  booktitle={COLT},
  pages={333--345},
  year={2010}
}

@inproceedings{bach2007active,
  title={Active learning for misspecified generalized linear models},
  author={Bach, Francis R},
  booktitle={Advances in Neural Information Processing Systems 19: Proceedings of the 2006 Conference},
  volume={19},
  pages={65},
  year={2007},
  organization={MIT Press}
}

@inproceedings{duan2008guided,
  title={Guided problem diagnosis through active learning},
  author={Duan, Songyun and Babu, Shivnath},
  booktitle={Autonomic Computing, 2008. ICAC'08. International Conference on},
  pages={45--54},
  year={2008},
  organization={IEEE}
}

@inproceedings{finn2003active,
  title={Active learning selection strategies for information extraction},
  author={Finn, Aidan and Kushmerick, Nicolas},
  booktitle={Proceedings of the International Workshop on Adaptive Text Extraction and Mining (ATEM-03)},
  pages={18--25},
  year={2003}
}

@article{pasolli2011support,
  title={Support vector machine active learning through significance space construction},
  author={Pasolli, Edoardo and Melgani, Farid and Bazi, Yakoub},
  journal={Geoscience and Remote Sensing Letters, IEEE},
  volume={8},
  number={3},
  pages={431--435},
  year={2011},
  publisher={IEEE}
}

@article{hanneke2011rates,
  title={Rates of convergence in active learning},
  author={Hanneke, Steve and others},
  journal={The Annals of Statistics},
  volume={39},
  number={1},
  pages={333--361},
  year={2011},
  publisher={Institute of Mathematical Statistics}
}

@inproceedings{moore2000q2,
  title={Q2: Memory-based active learning for optimizing noisy continuous functions},
  author={Moore, Andrew W and Schneider, Jeff G and Boyan, Justin A and Lee, Mary S},
  booktitle={Robotics and Automation, 2000. Proceedings. ICRA'00. IEEE International Conference on},
  volume={4},
  pages={4095--4102},
  year={2000},
  organization={IEEE}
}

@inproceedings{provost2000machine,
  title={Machine learning from imbalanced data sets 101},
  author={Provost, Foster},
  booktitle={Proceedings of the AAAI’2000 workshop on imbalanced data sets},
  pages={1--3},
  year={2000}
}

@article{mohamed2010active,
  title={Active learning for human protein-protein interaction prediction},
  author={Mohamed, Thahir P and Carbonell, Jaime G and Ganapathiraju, Madhavi K},
  journal={BMC bioinformatics},
  volume={11},
  number={Suppl 1},
  pages={S57},
  year={2010},
  publisher={BioMed Central Ltd}
}

@inproceedings{friedman2009active,
  title={Active Learning for Smooth Problems.},
  author={Friedman, Eric},
  booktitle={COLT},
  year={2009}
}

@inproceedings{huang2008clustering,
  title={Clustering documents with active learning using Wikipedia},
  author={Huang, Anna and Milne, David and Frank, Eibe and Witten, Ian H},
  booktitle={Data Mining, 2008. ICDM'08. Eighth IEEE International Conference on},
  pages={839--844},
  year={2008},
  organization={IEEE}
}

@book{hanneke2009theoretical,
  title={Theoretical foundations of active learning},
  author={Hanneke, Steve},
  year={2009},
  publisher={ProQuest}
}

@inproceedings{jain2010hashing,
  title={Hashing hyperplane queries to near points with applications to large-scale active learning},
  author={Jain, Prateek and Vijayanarasimhan, Sudheendra and Grauman, Kristen},
  booktitle={Advances in Neural Information Processing Systems},
  pages={928--936},
  year={2010}
}

@inproceedings{han2006automatic,
  title={Automatic skin segmentation for gesture recognition combining region and support vector machine active learning},
  author={Han, Junwei and Award, GM and Sutherland, Alistair and Wu, Hai},
  booktitle={Automatic Face and Gesture Recognition, 2006. FGR 2006. 7th International Conference on},
  pages={237--242},
  year={2006},
  organization={IEEE}
}

@inproceedings{donmez2008optimizing,
  title={Optimizing estimated loss reduction for active sampling in rank learning},
  author={Donmez, Pinar and Carbonell, Jaime G},
  booktitle={Proceedings of the 25th international conference on Machine learning},
  pages={248--255},
  year={2008},
  organization={ACM}
}

@incollection{scheffer2001active,
  title={Active hidden markov models for information extraction},
  author={Scheffer, Tobias and Decomain, Christian and Wrobel, Stefan},
  booktitle={Advances in Intelligent Data Analysis},
  pages={309--318},
  year={2001},
  publisher={Springer}
}

@inproceedings{bloodgood2009taking,
  title={Taking into account the differences between actively and passively acquired data: The case of active learning with support vector machines for imbalanced datasets},
  author={Bloodgood, Michael and Vijay-Shanker, K},
  booktitle={Proceedings of Human Language Technologies: The 2009 Annual Conference of the North American Chapter of the Association for Computational Linguistics, Companion Volume: Short Papers},
  pages={137--140},
  year={2009},
  organization={Association for Computational Linguistics}
}

@incollection{kang2004using,
  title={Using cluster-based sampling to select initial training set for active learning in text classification},
  author={Kang, Jaeho and Ryu, Kwang Ryel and Kwon, Hyuk-Chul},
  booktitle={Advances in knowledge discovery and data mining},
  pages={384--388},
  year={2004},
  publisher={Springer}
}

@article{cesa2013active,
  title={Active learning on trees and graphs},
  author={Cesa-Bianchi, Nicolo and Gentile, Claudio and Vitale, Fabio and Zappella, Giovanni},
  journal={arXiv preprint arXiv:1301.5112},
  year={2013}
}

@article{amman1994active,
  title={Active learning Monte Carlo results},
  author={Amman, Hans M and Kendrick, David A},
  journal={Journal of Economic Dynamics and Control},
  volume={18},
  number={1},
  pages={119--124},
  year={1994},
  publisher={Elsevier}
}

@article{engelbrecht1999incremental,
  title={Incremental learning using sensitivity analysis},
  author={Engelbrecht, AP and Cloete, I},
  year={1999},
  publisher={Citeseer}
}

@incollection{castro2008active,
  title={Active learning and sampling},
  author={Castro, Rui and Nowak, Robert},
  booktitle={Foundations and Applications of Sensor Management},
  pages={177--200},
  year={2008},
  publisher={Springer}
}

@article{pournara2004reconstruction,
  title={Reconstruction of gene networks using Bayesian learning and manipulation experiments},
  author={Pournara, Iosifina and Wernisch, Lorenz},
  journal={Bioinformatics},
  volume={20},
  number={17},
  pages={2934--2942},
  year={2004},
  publisher={Oxford Univ Press}
}

@article{cohn2003semi,
  title={Semi-supervised clustering with user feedback},
  author={Cohn, David and Caruana, Rich and McCallum, Andrew},
  journal={Constrained Clustering: Advances in Algorithms, Theory, and Applications},
  volume={4},
  number={1},
  pages={17--32},
  year={2003}
}

@book{liu2010instance,
  title={Instance selection and construction for data mining},
  author={Liu, Huan},
  year={2010},
  publisher={Springer-Verlag}
}

@inproceedings{chklovski2002building,
  title={Building a sense tagged corpus with open mind word expert},
  author={Chklovski, Timothy and Mihalcea, Rada},
  booktitle={Proceedings of the ACL-02 workshop on Word sense disambiguation: recent successes and future directions-Volume 8},
  pages={116--122},
  year={2002},
  organization={Association for Computational Linguistics}
}

@inproceedings{herbster2005online,
  title={Online learning over graphs},
  author={Herbster, Mark and Pontil, Massimiliano and Wainer, Lisa},
  booktitle={Proceedings of the 22nd international conference on Machine learning},
  pages={305--312},
  year={2005},
  organization={ACM}
}

@incollection{huang2006efficient,
  title={Efficient name disambiguation for large-scale databases},
  author={Huang, Jian and Ertekin, Seyda and Giles, C Lee},
  booktitle={Knowledge Discovery in Databases: PKDD 2006},
  pages={536--544},
  year={2006},
  publisher={Springer}
}

@article{cohn1994neural,
  title={Neural network exploration using optimal experiment design},
  author={Cohn, David A},
  year={1994}
}

@article{sugiyama2007covariate,
  title={Covariate shift adaptation by importance weighted cross validation},
  author={Sugiyama, Masashi and Krauledat, Matthias and M{\"u}ller, Klaus-Robert},
  journal={The Journal of Machine Learning Research},
  volume={8},
  pages={985--1005},
  year={2007},
  publisher={JMLR. org}
}

@article{mackay1992information,
  title={Information-based objective functions for active data selection},
  author={MacKay, David},
  journal={Neural computation},
  volume={4},
  number={4},
  pages={590--604},
  year={1992},
  publisher={MIT Press}
}

@inproceedings{le2010ensuring,
  title={Ensuring quality in crowdsourced search relevance evaluation: The effects of training question distribution},
  author={Le, John and Edmonds, Andy and Hester, Vaughn and Biewald, Lukas},
  booktitle={SIGIR 2010 workshop on crowdsourcing for search evaluation},
  pages={21--26},
  year={2010}
}

@inproceedings{gilad2005query,
  title={Query by committee made real},
  author={Gilad-Bachrach, Ran and Navot, Amir and Tishby, Naftali},
  booktitle={Advances in neural information processing systems},
  pages={443--450},
  year={2005}
}

@article{jing2005unified,
  title={A unified framework for image retrieval using keyword and visual features},
  author={Jing, Feng and Li, Mingjing and Zhang, Hong-Jiang and Zhang, Bo},
  journal={Image Processing, IEEE Transactions on},
  volume={14},
  number={7},
  pages={979--989},
  year={2005},
  publisher={IEEE}
}

@incollection{shi2008actively,
  title={Actively transfer domain knowledge},
  author={Shi, Xiaoxiao and Fan, Wei and Ren, Jiangtao},
  booktitle={Machine Learning and Knowledge Discovery in Databases},
  pages={342--357},
  year={2008},
  publisher={Springer}
}
